1799 3077
482 140 717 181 NOELLI
752 138 1218 180 CATECHISMUS.
1463 140 1543 180 ,⁶281

159 253 459 295 resuscitandos
479 269 564 295 esse
591 263 712 295 antea
731 252 933 303 docueris,
954 266 1029 293 cur
1060 250 1304 308 Symbolum
1327 251 1424 293 vitae
1444 251 1549 293 dun-

159 329 274 362 taxat
295 329 474 372 aeternae,
490 321 716 362 inferorum
739 335 835 361 vero
854 319 1105 360 mentionem
1125 317 1283 358 nullam
1306 318 1433 359 facit?

216 389 273 428 A.
306 389 426 430 Fidei
455 389 544 430 haec
571 397 632 429 est
654 387 899 430 Christianae
919 385 1132 436 confessio,
1154 401 1250 442 quae
1277 401 1360 426 non
1388 385 1464 426 nisi
1496 386 1549 427 ad

159 454 249 511 pios
277 456 478 511 pertinet;
513 465 553 497 et
582 455 756 512 proinde
777 471 824 497 ea
844 464 1008 497 tantum
1027 463 1222 504 recenset,
1243 470 1338 510 quae
1370 464 1465 495 sunt
1495 454 1549 495 ad

159 523 451 564 consolandum
475 524 829 574 naccommodata,
859 522 1109 580 amplissima
1138 522 1332 563 nimirum
1363 521 1547 578 praemia,

159 591 313 646 quibus
333 607 429 632 suos
450 593 567 633 Deus
583 592 767 633 donabit.
805 592 963 648 Impios
983 607 1082 648 ergo
1102 607 1126 632 a
1146 606 1274 647 regno
1295 590 1376 631 Dei
1397 589 1550 631 alienos

158 673 253 714 quae
273 669 465 700 maneant
487 660 702 716 supplicia,
720 675 802 701 non
822 668 1178 700 commemoratur.

218 729 280 768 M.
313 728 535 784 Explicato
559 729 646 785 jam
681 728 892 785 Symbolo,
915 728 958 769 id
989 737 1063 778 est,
1087 743 1248 769 summa
1279 726 1398 768 Fidei
1430 726 1550 768 Chri-

157 794 312 846 stianae,
330 796 395 836 dic
416 796 516 836 mihi
537 796 640 852 quid
660 796 864 837 commodi
886 812 937 836 ex
957 796 1034 837 hac
1056 795 1161 836 Fide
1182 797 1498 851 comparamus?

214 865 269 904 A.
301 865 331 904 J
337 863 518 905 ustitiam
538 872 557 891 0
570 879 707 904 coram
732 865 838 915 Deo,
860 879 935 919 per
955 879 1080 919 quam
1109 863 1294 903 haeredes
1314 862 1410 903 vitae
1431 872 1548 904 aeter-

157 948 222 974 nae
242 933 507 974 instituimur.

215 1002 279 1042 M.
302 1003 376 1042 An
391 1017 473 1042 non
490 1017 589 1058 ergo
605 1001 734 1058 pietas
750 1016 848 1057 erga
863 1002 1004 1042 Deum
1021 1010 1174 1051 nostra,
1192 1016 1239 1041 ac
1254 1001 1340 1042 vita
1354 1001 1460 1042 inter
1475 1000 1548 1041 ho-

156 1069 286 1110 mines
304 1069 474 1111 honeste
496 1079 718 1125 sancteque
738 1078 828 1110 acta
842 1069 980 1125 justos
1000 1084 1136 1110 coram
1158 1070 1251 1110 Deo
1271 1084 1346 1109 nos
1366 1068 1517 1109 efficit?

214 1138 271 1177 A.
304 1138 371 1177 De
400 1137 478 1178 hoc
499 1137 691 1193 quaedam
720 1136 943 1193 Psuperius
972 1146 1067 1193 post
1094 1136 1338 1193 explicatam
1371 1137 1544 1193 Legem,

156 1214 197 1246 et
228 1204 325 1245 alibi
355 1205 492 1255 etiam,
514 1205 557 1245 in
586 1205 692 1246 hanc
718 1204 803 1245 fere
834 1204 1077 1246 sententiam
1108 1204 1302 1246 diximus.
1364 1204 1406 1246 Si
1437 1205 1547 1260 quis-

156 1287 282 1328 quam
311 1272 361 1313 ad
393 1273 673 1330 praescriptam
707 1287 892 1314 normam
914 1281 932 1310 q
942 1272 1049 1328 juris
1069 1272 1199 1313 divini
1231 1272 1389 1328 integre
1411 1272 1547 1313 vivere

154 1350 305 1397 posset,
326 1340 360 1382 is
386 1341 533 1383 merito
559 1342 700 1398 justus
731 1356 783 1382 ex
815 1340 1009 1397 operibus
1038 1340 1157 1381 bonis
1187 1349 1446 1388 cense1·etur;
1480 1356 1546 1381 ve-

154 1424 248 1449 rum
269 1424 361 1450 cum
385 1403 441 1451 ab*
458 1425 506 1450 ea
520 1409 616 1450 vitae
636 1409 887 1466 perfectione
906 1408 1140 1464 longissime
1161 1408 1343 1449 absimus
1364 1417 1377 1436 r
1390 1423 1544 1459 omnes,

157 1477 343 1533 adeoque
378 1487 640 1534 peccatorum
676 1486 911 1518 nostrorum
952 1475 1199 1517 conscientia
1233 1476 1543 1532 opprimamur3

157 1545 263 1586 Salia
292 1546 410 1587 nobis
438 1546 619 1586 ineunda
654 1545 772 1595 ratio,
805 1554 846 1586 et
879 1544 945 1586 via
975 1544 1217 1600 reperienda
1247 1553 1321 1595 est,
1354 1560 1438 1601 qua
1472 1561 1546 1586 nos

158 1615 276 1654 Deus
295 1613 336 1654 in
357 1613 531 1670 gratiam
552 1613 735 1669 recipiat,
752 1628 878 1668 quam
899 1622 1039 1653 nostro
1060 1612 1217 1653 merito.

216 1683 280 1722 M.
314 1683 418 1732 Quae
439 1681 605 1722 tandem
626 1683 796 1737 quaeso?

215 1750 271 1789 A.
303 1749 377 1790 Ad
398 1749 478 1790 Dei
499 1748 840 1789 tmisericordiam
862 1747 1187 1805 confugiendum
1208 1755 1282 1798 est,
1305 1763 1389 1803 qua
1417 1749 1545 1805 gratis

158 1832 232 1857 nos
261 1816 303 1856 in
335 1816 515 1866 Christo,
538 1816 652 1857 nullo
682 1825 822 1857 nostro
849 1816 1009 1866 merito,
1031 1831 1105 1856 nec
1135 1830 1308 1871 operum
1338 1824 1541 1871 respectu,

155 1899 307 1934 amore,
339 1893 380 1924 et
418 1883 702 1925 benevolentia
742 1883 1052 1940 complectitur;
1098 1891 1186 1923 tum
1228 1892 1394 1938 peccata
1425 1884 1542 1924 nobis

155 1961 294 1993 nostra
313 1951 562 2002 condonans,
585 1961 674 1992 tum
699 1951 863 2008 justitia
885 1951 1040 1992 Christi
1069 1965 1143 2006 per
1168 1949 1315 1990 Fidem
1343 1950 1384 1990 in
1406 1950 1543 2006 ipsum

155 2019 214 2060 ita
233 2035 308 2060 nos
328 2019 498 2070 donans,
521 2029 569 2060 ut
599 2019 653 2061 ob
686 2035 789 2069 eam,
811 2019 981 2076 perinde
1013 2033 1059 2059 ac
1092 2017 1124 2058 si
1156 2026 1295 2058 nostra
1325 2026 1442 2068 esset,
1464 2017 1542 2073 ipsi

156 2088 310 2144 accepti
332 2087 468 2129 simus.
530 2087 696 2128 Divinae
716 2103 815 2143 ergo
835 2102 909 2143 per
931 2086 1144 2127 Christum
1165 2084 1403 2136 clementiae,
1420 2085 1542 2142 justi-

156 2154 252 2195 tiam
280 2164 456 2195 nostram
478 2170 641 2195 omnem
662 2162 869 2210 acceptam
891 2154 998 2194 ferre
1018 2152 1227 2194 debemus.

215 2224 278 2263 M.
311 2222 437 2263 Unde
458 2222 534 2262 ista
552 2222 609 2263 ita
629 2238 714 2263 esse
734 2220 1031 2277 intelligimus?

214 2292 269 2331 A.
304 2292 373 2331 Ex
395 2290 639 2346 Evangelio,
662 2290 776 2346 quod
808 2290 888 2330 Dei
918 2304 992 2345 per
1013 2287 1224 2329 Christum
1255 2286 1541 2343 promissiones

155 2358 350 2409 continet,
382 2358 569 2414 uquibus
603 2358 704 2399 dum
738 2357 901 2407 Fidem,
934 2357 978 2397 id
1007 2364 1081 2406 est,
1113 2367 1266 2397 certam
1296 2355 1421 2396 animi
1449 2371 1540 2412 per-

198 2519 213 2532 ¹¹
231 2513 316 2543 Mar.
333 2512 396 2542 xvi.
415 2510 464 2542 16.
489 2512 566 2543 Luc.
583 2513 671 2543 xxiv.
684 2519 737 2552 47.
760 2513 857 2543 Joan.
873 2511 918 2542 iii.
938 2518 989 2551 15,
1008 2509 1055 2541 16.
1079 2511 1172 2541 Rom.
1187 2510 1231 2540 iv.
1251 2508 1300 2540 16.
1408 2516 1421 2528 ⁰
1446 2510 1541 2539 Rom.

154 2566 199 2597 iii.
219 2575 272 2602 21,
291 2575 341 2597 22.
376 2566 446 2596 Gal.
464 2566 497 2596 ii.
518 2566 567 2597 16.
719 2573 734 2592 Ρ
756 2567 832 2605 Pag.
853 2573 926 2602 234.
1071 2570 1086 2589 ‘1
1109 2563 1204 2593 Rom.
1221 2574 1252 2593 x.
1270 2572 1300 2603 5.
1335 2563 1405 2593 Gal.
1422 2562 1468 2592 iii.
1490 2572 1540 2594 12.

154 2622 264 2651 ‘’Gen.
288 2621 329 2650 vi.
355 2628 387 2660 5,
409 2630 458 2650 ιι.
497 2621 574 2651 Luc.
601 2620 691 2650 xviii.
718 2630 768 2657 11,
798 2628 848 2656 12,
878 2626 926 2656 14.
972 2618 1066 2648 Rom.
1089 2617 1142 2647 vii.
1171 2625 1221 2655 14,
1252 2624 1299 2656 15.
1333 2616 1405 2646 Gal.
1429 2616 1462 2647 ii.
1490 2615 1539 2646 16.

154 2680 164 2693 ⁵
183 2675 277 2704 Rom.
292 2674 335 2704 xi.
353 2672 381 2703 6.
529 2676 538 2692 ²
562 2673 658 2703 Rom.
673 2673 719 2703 iii.
739 2682 788 2712 24.
812 2673 854 2703 iv.
870 2681 903 2709 4,
923 2679 952 2712 7,
973 2671 1021 2702 16.
1046 2671 1162 2709 Ephes.
1179 2670 1212 2700 ii.
1230 2679 1262 2708 4,
1281 2678 1310 2710 5.
1335 2679 1351 2700 2
1368 2670 1453 2701 Tim.
1470 2670 1491 2700 i.
1508 2680 1539 2710 9.

155 2728 222 2758 Tit.
239 2727 284 2757 iii.
301 2736 334 2764 4,
350 2734 379 2766 5.
408 2737 418 2756 1
439 2727 507 2757 Pet.
524 2725 546 2756 i.
562 2736 593 2765 3.
618 2726 652 2757 ii.
674 2737 722 2758 ιο.
817 2733 831 2745 “
855 2726 949 2755 Rom.
966 2725 1007 2755 iv.
1026 2724 1057 2755 8.
1081 2735 1110 2755 v.
1133 2732 1182 2761 14,
1202 2724 1251 2762 16,
1270 2734 1322 2763 20,
1343 2733 1391 2754 21.
1416 2724 1486 2754 Gal.
1505 2724 1539 2752 ii.

164 2779 213 2818 16,
231 2790 279 2811 20.
304 2780 350 2810 iii.
372 2790 418 2810 11.
444 2780 526 2810 Heb.
548 2789 576 2809 x.
592 2779 643 2818 38.
