1799 3077
328 143 412 183 132
717 141 947 182 JUELLI
983 139 1320 181 APOLOGIA.

324 255 451 298 nostri
474 270 545 311 per
565 256 594 295 J
598 270 713 296 esum
735 254 963 305 Christum,
986 263 1033 296 ut
1060 263 1172 295 certo
1197 253 1343 294 animis
1370 252 1518 293 nostris
1547 268 1713 309 persua-

323 323 494 365 deamus
515 322 633 364 illum
653 338 739 364 esse
760 322 1090 379 propitiationem
1108 338 1185 378 pro
1211 321 1388 378 peccatiS
1417 320 1590 369 nostris;
1623 322 1713 377 ejus

323 391 524 448 sanguine
543 406 684 432 omnes
702 390 814 431 labes
834 400 993 431 nostras
1013 390 1168 431 deletas
1191 406 1299 437 esse;
1332 389 1449 430 illum
1479 389 1711 446 pacificasse

323 460 462 501 omnia
491 460 689 515 sanguine
719 458 850 500 crucis
880 474 979 509 suae,
1011 457 1128 499 illum
1158 458 1280 499 unica
1308 458 1378 499 illa
1406 457 1553 509 hostia,
1584 473 1711 514 quam

322 527 446 569 semel
482 528 634 569 obtulit
663 527 705 568 in
736 543 870 578 cruce,
902 526 1040 568 omnia
1068 526 1284 582 perfecisse
1314 534 1355 566 et
1385 541 1432 566 ea
1461 541 1583 567 causa
1614 541 1709 567 cum

323 596 501 636 animam
532 604 686 652 ageret,
709 594 874 644 dixisse,
906 596 1251 635 Consummatum
1282 602 1366 640 est3
1410 593 1528 648 quasi
1559 594 1710 649 signifi-

323 679 414 705 care
432 663 567 713 vellet,
582 663 837 719 persolutum
853 663 941 719 jam
962 678 1047 703 esse
1067 662 1249 718 pretium
1265 677 1342 717 pro
1356 670 1524 717 peccato
1539 662 1709 703 humani

322 730 494 786 generis.

381 801 477 839 Hoc
508 797 764 847 sacrificium,
794 797 826 838 si
856 797 929 853 qui
960 807 1056 838 sunt
1086 797 1159 853 qui
1190 812 1273 837 non
1302 806 1453 853 putant
1483 812 1568 837 esse
1598 796 1708 846 satis,

322 877 417 907 eant
444 881 538 907 sane
567 876 605 907 et
636 875 825 922 quaerant
854 866 967 907 aliud
998 866 1154 906 melius.
1215 867 1303 907 Nos
1333 866 1517 922 quidem,
1540 875 1581 906 et
1611 865 1709 921 quia

321 934 424 975 illud
456 934 625 975 unicum
655 951 741 976 esse
772 934 935 985 scimus,
958 950 1042 975 uno
1071 935 1252 975 contenti
1282 950 1439 985 sumus,
1460 950 1534 975 nec
1564 949 1708 989 expec-

321 1013 457 1045 tamus
486 1003 624 1051 aliud;
667 1013 708 1045 et
738 1004 837 1060 quia
867 1003 989 1045 semel
1019 1012 1180 1044 tantum
1210 1003 1466 1044 offerendum
1497 1011 1597 1052 erat,
1627 1017 1709 1042 non

315 1072 514 1128 jubemus
535 1072 689 1128 repeti;
723 1082 763 1113 et
784 1072 882 1129 quia
902 1071 1071 1128 plenum
1093 1081 1133 1112 et
1153 1071 1345 1112 omnibus
1365 1070 1546 1112 numeris
1562 1079 1602 1111 et
1616 1086 1708 1126 par—

321 1140 432 1181 tibus
447 1140 676 1196 perfectum
694 1151 794 1192 erat,
809 1156 892 1182 non
909 1139 1197 1182 substituimus
1212 1139 1466 1182 continentes
1480 1139 1707 1181 hostiarum

321 1209 604 1250 successiones.
1199 1198 1202 1199 ⁷

378 1277 577 1328 Quamvis
597 1287 735 1318 autem
758 1277 940 1319 dicamus
961 1276 1063 1317 nihil
1084 1276 1202 1317 nobis
1221 1292 1306 1317 esse
1333 1276 1512 1333 praesidii
1539 1277 1580 1316 in
1611 1291 1706 1332 ope-

319 1344 434 1386 ribus
465 1354 505 1386 et
536 1345 654 1386 factis
681 1345 844 1396 nostris,
873 1354 914 1386 et
950 1360 1111 1386 omnem
1149 1344 1291 1386 salutis
1322 1354 1472 1386 nostrae
1505 1344 1706 1386 rationem

318 1413 617 1454 constituamus
641 1414 683 1453 in
715 1413 800 1454 solo
822 1413 1002 1464 Christo,
1025 1428 1107 1454 non
1138 1424 1274 1454 tamen
1305 1429 1353 1454 ea
1381 1428 1503 1454 causa
1534 1413 1706 1454 dicimus

317 1481 409 1522 laxe
430 1489 469 1522 et
491 1480 623 1522 solute
643 1480 866 1521 vivendum
887 1497 986 1531 esse,
1008 1481 1126 1537 quasi
1147 1481 1251 1537 tingi
1273 1490 1433 1522 tantum
1462 1490 1502 1522 et
1526 1481 1705 1533 credere,

317 1550 414 1591 satis
435 1550 486 1591 sit
506 1549 661 1590 homini
684 1549 932 1600 Christiano,
955 1558 996 1590 et
1019 1549 1120 1590 nihil
1147 1550 1200 1590 ab
1230 1565 1278 1590 eo
1308 1550 1422 1591 aliud
1452 1558 1703 1606 expectetur.

317 1619 426 1659 Vera
447 1618 571 1659 Fides
592 1618 686 1658 viva
706 1626 780 1668 est,
803 1633 877 1658 nec
897 1627 1033 1674 potest
1053 1633 1138 1658 esse
1158 1617 1299 1659 otiosa.

377 1685 442 1726 Sic
473 1701 572 1742 ergo
602 1685 797 1726 docemus
826 1685 1046 1741 populum,
1072 1686 1212 1725 Deum
1233 1701 1396 1726 vocasse
1426 1701 1514 1736 nos,
1539 1701 1621 1726 non
1652 1686 1705 1726 ad

318 1753 465 1794 luxum
487 1762 528 1794 et
546 1753 773 1804 libidinem,
797 1754 882 1804 sed,
905 1761 952 1793 ut
974 1752 1132 1793 Paulus
1152 1753 1223 1802 ait,
1245 1753 1298 1793 ad
1318 1769 1443 1809 opera
1463 1754 1572 1794 bona
1592 1763 1639 1794 ut
1662 1754 1703 1794 in

318 1822 396 1863 illis
419 1821 702 1863 ambulemus:
737 1823 879 1862 Deum
905 1820 1101 1876 eripuisse
1132 1836 1205 1861 nos
1235 1836 1259 1861 a
1288 1830 1489 1876 potestate
1519 1822 1706 1863 tenebra-

318 1905 425 1940 rum,
451 1898 497 1931 ut
518 1890 742 1930 serviamus
763 1891 856 1930 Deo
875 1889 1054 1937 viventi;
1090 1898 1136 1930 ut
1167 1889 1445 1930 rescindamus
1474 1905 1614 1931 omnes
1644 1906 1705 1930 re-

318 1958 466 2014 liquias
484 1959 664 2014 peccati3
699 1967 747 1999 ut
766 1957 808 1998 in
836 1957 981 1998 timore
1008 1966 1048 1997 et
1077 1965 1252 1998 tremore
1281 1973 1500 2014 operemur
1530 1958 1702 1999 salutem

318 2035 525 2075 nostram;
560 2035 606 2067 ut
625 2033 822 2082 appareat
846 2024 1046 2081 Spiritum
1068 2025 1395 2066 sanctificationis
1415 2041 1500 2067 esse
1520 2026 1562 2067 in
1577 2042 1704 2067 mem-

315 2095 400 2135 bris
421 2093 583 2145 nostris,
605 2102 644 2135 et
668 2093 882 2147 Christum
903 2091 1038 2149 ipsum
1059 2108 1133 2149 per
1162 2093 1309 2134 Fidem
1339 2093 1381 2134 in
1411 2094 1603 2137 cordibus
1632 2110 1703 2136 no-

316 2163 408 2204 stris
429 2162 625 2203 habitare.

374 2232 589 2272 Postremo
610 2230 814 2271 credimus
841 2230 946 2271 hanc
976 2230 1105 2286 ipsam
1137 2245 1299 2271 carnem
1331 2239 1526 2282 nostram,
1547 2231 1589 2271 in
1619 2247 1703 2287 qua

316 2299 508 2349 vivimus,
531 2298 718 2355 quamvis
738 2306 903 2339 mortua
921 2297 1067 2339 abierit
1086 2298 1128 2338 in
1149 2298 1377 2354 pulverem,
1400 2308 1536 2340 tamen
1557 2298 1704 2339 ultimo

318 2366 385 2407 die
413 2366 639 2407 redituram
670 2381 754 2407 esse
784 2365 837 2406 ad
858 2365 998 2415 vitam,
1020 2375 1190 2421 propter
1222 2365 1423 2421 Spiritum
1446 2366 1599 2407 Christi
1629 2366 1701 2422 qui

317 2434 476 2475 habitat
496 2434 538 2474 in
560 2433 690 2475 nobis.
743 2435 859 2474 Tum
880 2448 978 2474 vero
998 2433 1204 2489 quidquid
1230 2433 1296 2474 hic
1327 2433 1490 2474 interim
1520 2435 1702 2491 patimur

317 2502 406 2557 ejus
426 2518 562 2552 causa,
586 2502 800 2543 Christum
819 2501 1100 2542 abstersurum
1122 2517 1207 2542 esse
1227 2516 1390 2543 omnem
1410 2502 1632 2559 lacrymam
1648 2503 1700 2543 ab

318 2569 447 2609 oculis
476 2570 648 2617 nostris3
684 2578 724 2610 et
755 2585 828 2610 nos
857 2578 1027 2625 propter
1055 2569 1172 2610 illum
1203 2570 1403 2612 fruituros
1433 2585 1518 2611 esse
1547 2579 1701 2611 aeterna

318 2635 416 2685 vita,
437 2644 477 2676 et
497 2651 656 2692 semper
675 2637 841 2683 futuros
860 2652 956 2677 cum
975 2636 1046 2677 illo
1064 2636 1107 2677 in
1126 2636 1271 2693 gloria,
1295 2638 1444 2678 Amen.

377 2704 477 2743 Istae
504 2713 600 2744 sunt
626 2703 840 2744 horribiles
869 2704 950 2745 illae
979 2704 1167 2754 haereses,
1189 2718 1365 2760 quarum
1396 2703 1559 2745 nominc
1592 2703 1700 2746 bona

317 2785 412 2827 pars
431 2770 542 2811 orbis
562 2779 763 2811 terrarum
784 2771 906 2812 hodie
925 2786 950 2812 a
971 2771 1171 2812 Pontifice
1189 2772 1375 2813 inaudita
1390 2771 1699 2815 condemnatur.
