1799 3077
53 1413 103 1442 Ad
122 1412 256 1452 Eugeni-

56 1465 119 1487 um.

283 132 366 174 156
669 132 899 173 JUELLI
934 132 1274 173 APOLOGIA.

279 261 371 296 nus,
394 254 435 286 et
460 254 555 285 ante
581 244 680 286 istos
709 260 864 296 omnes,
888 245 1126 286 Bel-nardus
1146 244 1307 294 Abbas,
1330 259 1438 299 saepe
1468 245 1664 286 multum-

277 329 359 368 que
380 312 592 367 conquesti
609 321 729 359 sunt;
763 312 983 368 ipsumque
999 312 1207 353 interdum
1226 310 1483 361 Pontificem,
1502 327 1663 363 verene,

276 396 328 421 an
349 380 466 430 falso,
488 379 590 424 nihil
611 380 800 430 dicimus,
822 389 931 421 certe
952 395 1033 421 non
1060 381 1234 421 obscure
1264 379 1549 435 significabant
1579 396 1664 421 esse

277 446 615 489 Antichristum„

333 516 482 570 Neque
503 529 600 554 vero
620 522 695 564 est,
718 512 833 569 quod
853 513 1075 569 quisquam
1103 513 1283 569 objiciat,
1305 514 1431 555 fuisse
1458 514 1548 555 illos
1576 516 1664 555 Lu-

275 582 380 623 theri
412 580 648 637 discipulos,
682 590 756 621 aut
787 580 983 636 Zuinglii.
1045 580 1291 621 Extiterunt
1323 581 1431 621 enim
1463 597 1545 622 non
1577 591 1665 623 tan-

275 659 363 690 tum
385 649 517 699 annis,
541 649 612 690 sed
633 648 756 689 etiam
781 648 926 689 seculis
953 648 1126 704 aliquot,
1147 657 1369 704 antequam
1399 648 1563 690 illorum
1593 666 1665 691 no-

274 717 385 757 mina
404 717 660 757 audirentur.
718 715 924 756 Videbant
945 715 1004 756 illi
1025 716 1147 756 etiam
1170 725 1260 757 tum
1281 732 1436 757 errores
1457 717 1664 773 irrepsisse

274 784 314 824 in
337 783 576 834 Ecclesiam,
599 799 750 839 eosque
770 783 992 840 cupiebant
1009 783 1257 825 emendatos.
1305 785 1363 825 Et
1378 784 1481 840 quid
1496 785 1661 835 mirum,

274 851 305 891 si
327 851 513 892 Ecclesia
532 851 741 892 erroribus
761 851 942 892 abducta
961 851 1102 902 fuerit,
1121 851 1192 892 illo
1212 852 1440 907 praesertim
1465 862 1662 909 tempore,

272 935 368 960 cum
388 935 463 961 nec
483 919 716 975 Episcopus
737 921 954 960 Romanus
975 919 1047 975 qui
1069 935 1241 960 summae
1262 935 1398 960 rerum
1421 921 1531 962 solus
1550 937 1661 977 prae-

273 996 374 1038 erat,
396 1003 470 1028 nec
490 987 595 1028 alius
616 987 702 1027 fere
723 987 944 1042 quisquam
965 996 1039 1027 aut
1058 986 1237 1027 officium
1260 1003 1379 1027 suum
1402 988 1568 1039 faceret,
1590 999 1663 1030 aut

273 1055 441 1096 omnino
470 1054 650 1095 officium
677 1070 800 1094 suum
831 1054 1107 1110 intelligeret?
1142 1055 1222 1095 Vix
1241 1054 1350 1095 enim
1372 1065 1432 1096 est
1453 1056 1660 1107 credibile,

272 1123 352 1164 illis
371 1121 510 1163 otiosis
531 1130 571 1162 et
587 1121 901 1172 dormientibus,
919 1121 1146 1162 Diabolum
1169 1130 1255 1163 toto
1275 1122 1345 1163 illo
1370 1132 1567 1180 tempore,
1589 1134 1662 1166 aut

273 1190 514 1231 dormivisse
533 1198 751 1246 perpetuo,
773 1200 847 1230 aut
865 1189 991 1231 fuisse
1011 1190 1200 1231 otiosum.
1264 1190 1375 1240 Quid
1396 1191 1505 1232 enim
1524 1192 1583 1232 illi
1603 1193 1663 1233 in-

274 1257 394 1298 terim
424 1258 594 1308 suerint,
616 1273 782 1314 quaque
812 1257 894 1298 fide
925 1258 1159 1299 curaverint
1188 1258 1359 1299 domum
1391 1259 1486 1309 Dei,
1509 1269 1556 1300 ut
1589 1275 1662 1301 nos

274 1333 498 1376 taceamus,
520 1325 692 1366 audiant
712 1325 853 1366 saltem
878 1325 1138 1366 Bernardum
1157 1340 1290 1366 suum.

333 1393 547 1449 Episcopi,
569 1393 720 1449 inquit,
742 1393 895 1449 quibus
916 1408 1026 1434 nunc
1047 1393 1260 1434 commissa
1280 1402 1340 1434 est
1361 1393 1546 1435 Ecclesia
1564 1395 1659 1445 Dei,

276 1475 358 1501 non
379 1460 566 1502 doctores
587 1470 698 1512 sunt,
721 1461 792 1502 sed
814 1461 1076 1508 seductores;
1110 1476 1192 1502 non
1213 1470 1408 1517 pastores,
1431 1461 1502 1503 sed
1532 1461 1662 1518 impo-

271 1537 423 1576 stores;
458 1543 539 1569 non
561 1528 744 1579 Praelati,
767 1529 838 1570 sed
858 1528 993 1569 Pilati.

330 1597 436 1637 Haec
459 1595 697 1636 Bernardus
717 1595 769 1636 de
791 1595 1006 1645 Pontifice,
1028 1594 1101 1650 qui
1122 1610 1163 1635 se
1185 1610 1393 1635 summum
1411 1595 1659 1651 appellabat,

270 1663 405 1719 deque
427 1663 642 1719 Episcopis
662 1663 734 1719 qui
757 1671 845 1704 tum
868 1663 1065 1704 sedebant
1086 1663 1140 1703 ad
1159 1663 1502 1718 gubernaculum.
1563 1664 1660 1704 Non

271 1741 357 1772 erat
388 1731 454 1771 ille
486 1730 770 1781 Lutheranus,
797 1746 880 1771 non
910 1739 996 1772 erat
1026 1730 1258 1780 haereticus,
1280 1731 1333 1771 ab
1363 1730 1549 1772 Ecclesia
1578 1746 1661 1772 non

270 1799 535 1846 discesserat3
569 1807 707 1838 tamen
728 1798 958 1854 Episcopos
979 1797 1083 1846 illos,
1105 1797 1178 1853 qui
1202 1806 1292 1838 tum
1319 1807 1450 1849 erant,
1470 1813 1553 1839 non
1583 1799 1660 1840 du-

269 1865 417 1907 bitavit
438 1865 686 1915 seductores,
709 1864 965 1921 impostores,
988 1863 1145 1905 Pilatos
1163 1864 1381 1920 appellare.
1443 1866 1473 1905 J
1476 1880 1543 1905 aui
1563 1881 1660 1906 vero

270 1947 365 1974 cum
385 1931 567 1988 populus
587 1932 723 1988 palam
745 1932 1024 1982 seduceretur,
1046 1941 1086 1972 et
1106 1931 1235 1972 oculis
1254 1932 1470 1972 hominum
1487 1932 1660 1973 Christi-

270 2015 445 2041 anorum
463 1999 758 2056 imponeretur,
781 2009 822 2041 et
843 1999 1004 2040 Pilatus
1025 1999 1183 2040 sederet
1202 2015 1279 2055 pro
1306 1999 1597 2050 tribunalibus,
1619 2009 1660 2041 et

272 2068 486 2109 Christum
509 2067 749 2123 Christique
768 2067 952 2108 membra
972 2067 1081 2108 ferro
1101 2066 1361 2123 flammaeque
1387 2067 1658 2123 adjudicaret,

271 2137 308 2177 O
330 2136 448 2176 Deus
467 2135 588 2187 bone,
609 2150 694 2190 quo
715 2143 804 2175 tum
833 2135 923 2176 loco
950 2143 1037 2176 erat
1068 2134 1254 2175 Ecclesia
1275 2135 1455 2176 Christi!
1497 2137 1567 2176 Ex
1598 2144 1659 2177 tot

270 2213 410 2245 autem
431 2212 599 2258 tamque
619 2202 763 2243 crassis
783 2202 1004 2252 erroribus,
1027 2217 1151 2258 quem
1175 2217 1359 2258 unquam
1388 2203 1453 2244 isti
1480 2219 1659 2245 errorem

271 2279 628 2328 repurgaverunt;
672 2280 745 2311 aut
780 2286 904 2326 quem
942 2270 1109 2311 omnino
1145 2285 1323 2311 errorem
1364 2286 1583 2327 agnoscere
1618 2281 1659 2313 et

271 2339 455 2380 confiteri
476 2338 728 2379 voluerunt?

330 2407 411 2448 Sed
432 2407 626 2463 quoniam
647 2407 714 2447 isti
736 2421 852 2447 suam
873 2422 958 2447 esse
976 2405 1180 2447 affirmant
1196 2406 1429 2447 universam
1446 2407 1660 2462 possessio-

271 2490 364 2515 nem
385 2475 581 2516 Ecclesiae
601 2475 827 2526 catholicae,
850 2484 890 2516 et
910 2490 984 2516 nos
1004 2475 1118 2530 quod
1148 2490 1244 2516 cum
1274 2475 1371 2532 ipsis
1401 2490 1481 2516 non
1514 2476 1659 2516 sentia-

272 2557 376 2592 mus,
398 2542 608 2598 appellant
628 2543 855 2594 haereticos,
874 2543 967 2584 vide
988 2559 1097 2594 sane,
1116 2542 1303 2584 Ecclesia
1322 2544 1413 2593 ista,
1427 2559 1552 2599 quam
1571 2554 1658 2584 tan-

272 2610 365 2665 dem
387 2610 537 2651 habeat
558 2620 713 2660 notam,
735 2621 805 2652 aut
836 2611 1172 2667 significationem
1199 2611 1395 2652 Ecclesiae
1422 2611 1513 2651 Dei.
1575 2612 1658 2652 Ne-

272 2692 354 2732 que
374 2692 471 2717 vero
493 2677 571 2717 Dei
594 2678 836 2728 Ecclesiam,
858 2678 890 2719 si
910 2694 999 2719 eam
1016 2678 1114 2720 velis
1135 2678 1238 2719 serio
1258 2688 1298 2719 et
1314 2678 1530 2733 diligenter
1546 2694 1658 2733 quae-

272 2758 374 2794 rere,
395 2753 455 2785 est
485 2743 588 2785 adeo
618 2745 780 2787 difficile
810 2746 1149 2802 deprehendere„
1193 2748 1272 2787 Est
1298 2745 1405 2787 enim
1433 2745 1591 2787 excelso
1618 2756 1658 2788 et
