1799 3077
500 117 729 158 JUELLI
762 117 1102 158 APOLOGIA.
1408 125 1489 166 187

102 231 191 287 jam
212 230 309 270 olim
329 230 381 270 ab
402 228 616 286 Apostolis
646 229 839 271 sciremus
866 245 951 271 esse
977 231 1152 286 jactum,
1175 231 1289 286 quod
1315 241 1375 273 est
1403 234 1494 274 Ser-

113 306 227 338 vator
247 305 385 338 noster
405 298 435 337 J
438 312 530 338 esus
552 296 755 338 Christus.

170 367 363 420 Cumque
404 364 641 405 audiremus
681 365 821 405 Deum
856 365 991 421 ipsum
1031 365 1149 406 nobis
1182 365 1418 421 loquentem
1452 366 1494 407 in

109 434 236 474 verbo
256 448 344 483 suo,
368 442 409 473 et
431 432 661 473 videremus
691 432 879 489 exempla
908 432 1083 474 illustria
1109 433 1257 474 veteris
1287 442 1328 474 et
1356 433 1495 489 primi-

110 500 205 541 tivae
239 498 449 549 Ecclesiae,
482 499 637 540 incerta
669 509 808 540 autem
844 509 951 541 esset
986 500 1159 541 Concilii
1193 500 1393 556 generalis
1427 516 1496 540 ex-

110 566 302 623 pectatio,
334 576 375 608 et
416 577 586 608 eventus
628 568 759 608 multo
800 567 1015 615 incertior3
1059 568 1237 609 maxime
1269 584 1365 608 vero
1400 583 1495 608 cum

110 635 210 676 certi
247 650 427 675 essemus
461 635 512 676 de
541 635 753 676 voluntate
786 636 881 686 Dei,
913 645 954 677 et
990 636 1104 677 nefas
1138 652 1222 677 esse
1252 636 1496 676 duceremus

111 703 283 744 nimium
314 702 489 743 solicitos
518 718 604 743 esse
633 713 758 759 atque
779 703 921 744 anxios
942 703 994 744 de
1025 704 1233 745 sententiis
1264 704 1494 753 hominum,

112 786 194 811 non
224 770 435 826 potuimus
460 770 637 825 amplius
669 786 763 811 cum
795 786 915 811 carne
945 780 985 811 et
1016 771 1213 827 sanguine
1243 771 1492 818 deliberare3

110 838 213 879 illud
244 837 382 893 potius
402 837 588 886 fecimus,
611 838 726 893 quod
747 846 787 878 et
805 848 915 878 recte
943 848 1080 894 posset
1100 839 1202 889 fieri,
1224 848 1265 880 et
1284 854 1308 879 a
1327 838 1405 894 piis
1425 838 1497 878 ho-

112 905 305 955 minibus,
327 914 368 945 et
391 904 614 946 Catholicis
635 905 852 961 Episcopis
882 921 990 961 saepe
1019 906 1159 946 multis
1178 906 1332 946 factum
1365 914 1493 952 esset;

114 982 161 1014 ut
182 972 429 1014 Provinciali
457 972 616 1029 synodo
636 972 784 1014 nostris
806 973 1000 1014 Ecclesiis
1031 973 1367 1029 prospiceremus.
1431 973 1497 1014 Sic

112 1041 221 1082 enim
247 1050 403 1082 veteres
434 1043 578 1082 Patres
608 1041 757 1082 scimus
784 1041 922 1083 solitos
949 1057 1035 1082 esse
1064 1041 1254 1098 experiri,
1275 1051 1497 1096 antequam

113 1109 166 1150 ad
194 1109 408 1165 publicum
434 1109 544 1150 orbis
574 1119 776 1150 terrarum
800 1109 1030 1150 Concilium
1058 1109 1277 1150 veniretur.
1338 1110 1498 1149 Extant

113 1177 236 1218 hodie
267 1170 456 1218 Canones
485 1176 624 1233 scripti
660 1177 701 1217 in
735 1177 929 1219 Conciliis
962 1177 1293 1234 municipalibus,
1326 1177 1498 1219 Cartha-

113 1244 200 1301 gini
235 1245 312 1286 sub
344 1244 570 1302 Cypriano,
601 1247 798 1301 Ancyrae,
836 1247 1128 1296 Neocaesareae,
1164 1247 1346 1302 Gangrae
1376 1245 1497 1286 etiam

114 1313 153 1353 in
187 1312 485 1369 Paphlagonia,
508 1321 556 1354 ut
583 1313 752 1369 quidam
783 1323 947 1370 putant,
969 1326 1188 1371 antequam
1222 1314 1367 1355 Niceni
1390 1316 1499 1355 Con-

114 1379 194 1420 cilii
216 1379 476 1420 Oecumenici
510 1395 659 1420 nomen
689 1381 879 1422 auditum
907 1391 1024 1423 esset.
1083 1382 1156 1422 Ad
1187 1382 1298 1422 hunc
1327 1381 1497 1422 modum

115 1447 212 1488 olim
247 1447 332 1488 sine
368 1447 552 1488 Concilio
583 1448 763 1503 generali
794 1449 929 1489 statim
961 1449 1072 1490 domi
1108 1449 1268 1505 privata
1299 1449 1498 1505 discepta-

116 1515 225 1556 tione
255 1531 470 1556 occursum
498 1525 558 1556 est
580 1516 825 1572 Pelagianis,
849 1527 889 1558 et
910 1517 1149 1558 Donatistis.
1212 1517 1277 1558 Sic
1297 1532 1391 1558 cum
1414 1518 1499 1557 Im-

116 1594 279 1639 perator
301 1583 597 1624 Constantinus
628 1593 768 1640 aperte
800 1584 983 1625 studeret
1009 1584 1225 1626 Auxentio
1245 1584 1496 1625 Arianarum

115 1649 295 1706 partium
327 1651 548 1706 Episcopo,
580 1651 837 1692 Athanasius
867 1652 1100 1708 Episcopus
1123 1651 1394 1703 Christianus,
1416 1667 1497 1693 non

116 1717 169 1758 ad
201 1718 432 1759 Concilium
462 1718 665 1774 generale,
698 1718 739 1759 in
771 1734 855 1774 quo
889 1719 1078 1760 videlicet
1112 1728 1281 1775 propter
1316 1721 1498 1776 Impera-

117 1784 215 1827 toris
254 1787 494 1842 potentiam,
527 1795 568 1827 et
603 1786 786 1827 studium
827 1787 1008 1843 partium
1044 1787 1210 1828 videbat
1243 1787 1345 1827 nihil
1380 1803 1497 1843 posse

116 1855 217 1905 fieri,
240 1856 309 1896 sed
338 1854 391 1895 ad
424 1854 606 1904 Clerum,
629 1854 925 1910 Populumque
952 1870 1088 1905 suum,
1110 1855 1187 1895 hoc
1217 1864 1290 1905 est,
1312 1854 1365 1895 ad
1396 1856 1496 1896 Pro-

119 1923 328 1964 vincialem
360 1922 561 1978 synodum
594 1922 843 1977 provocavit.
907 1922 972 1963 Sic
1002 1923 1213 1963 decretum
1237 1931 1297 1963 est
1326 1923 1367 1962 in
1390 1923 1498 1963 Con-

115 1991 208 2032 cilio
229 1990 399 2039 NicenO,
422 1999 469 2031 ut
499 1990 541 2030 in
572 1989 753 2045 singulos
782 2005 910 2030 annos
930 1989 1006 2040 bis,
1028 1990 1069 2030 in
1101 1990 1428 2045 Carthaginensi,
1449 2000 1497 2030 ut

117 2058 332 2099 minimum
372 2057 495 2098 semel
535 2057 834 2113 Episcoporum
872 2066 1097 2098 conventus
1130 2057 1172 2097 in
1205 2057 1374 2113 singulis
1403 2072 1496 2113 pro-

117 2125 259 2166 vinciis
288 2125 561 2172 haberentur3
595 2124 709 2180 quod
741 2123 1073 2165 Chalcedonense
1104 2124 1334 2165 Concilium
1363 2123 1420 2164 ait
1449 2139 1497 2165 ea

118 2208 239 2234 causa
268 2192 392 2233 fuisse
422 2193 591 2242 factum,
620 2201 667 2233 ut
698 2191 730 2232 si
757 2192 829 2247 qui
859 2207 1028 2242 errores,
1050 2202 1123 2232 aut
1152 2192 1304 2232 abusus
1337 2191 1494 2247 uspiam

118 2260 387 2310 emersissent,
410 2259 545 2300 statim
576 2259 617 2300 in
647 2259 736 2315 ipso
757 2260 942 2315 vestigio,
964 2259 1036 2300 ubi
1057 2259 1141 2299 nati
1160 2259 1345 2307 fuissent,
1367 2258 1497 2299 extin-

117 2337 353 2384 guerentur.
419 2328 495 2376 Ita,
530 2343 625 2368 cum
662 2327 875 2368 Secundus
911 2336 952 2367 et
989 2326 1198 2367 Palladius
1230 2326 1496 2381 Aquileiense

120 2394 362 2442 Concilium,
385 2394 498 2449 quod
529 2409 608 2434 non
637 2402 741 2434 esset
767 2394 955 2450 generale
984 2409 1031 2434 ac
1060 2393 1287 2448 publicum,
1309 2393 1497 2449 repudia-

118 2470 222 2510 rent,
255 2461 503 2501 Ambrosius
533 2461 765 2516 Episcopus
797 2459 1117 2501 Mediolanensis
1147 2459 1371 2515 respondit,
1400 2461 1495 2500 Non

119 2529 268 2569 debere
287 2528 393 2568 illud
412 2543 565 2568 novum
586 2528 777 2583 cuiquam
803 2528 942 2577 videri,
965 2537 1037 2568 aut
1064 2527 1339 2583 peregrinum,
1363 2527 1394 2567 si
1416 2528 1495 2568 Oc-

119 2596 290 2637 cidentis
314 2594 511 2651 Episcopi
542 2604 764 2635 convocent
795 2595 996 2650 Syuodos,
1019 2604 1091 2635 aut
1120 2604 1243 2649 agant
1272 2604 1495 2635 conventus

121 2662 411 2712 Provinciales,
433 2661 475 2702 id
496 2661 602 2702 enim
624 2669 746 2702 antea
774 2671 815 2703 et
844 2662 896 2702 ab
918 2661 1250 2703 Occidentalibus
1279 2661 1494 2717 Episcopis

120 2743 201 2769 non
241 2744 348 2779 raro,
385 2737 425 2769 et
463 2743 487 2768 a
528 2728 685 2770 Graecis
725 2744 832 2784 saepe
871 2729 1024 2769 factum
1061 2744 1156 2769 esse.
1220 2729 1282 2769 lta
1323 2728 1493 2769 Carolus
