1799 3077
92 1002 186 1030 Joan.
201 999 265 1030 viii.

111 2233 246 2270 August.

112 2276 210 2313 Epist.
224 2273 275 2310 48.

112 2319 150 2348 ad
166 2318 295 2347 Vincen.

295 137 378 177 150
687 133 912 175 JUELLl
945 132 1286 174 APOLOGIA.

294 263 388 289 men
423 247 643 288 videantur
679 245 837 296 saltem,
873 256 999 302 atque
1032 245 1294 302 appellentur
1326 244 1561 286 Christiani.
1622 247 1682 288 Et

295 326 405 358 certe
423 331 497 356 nos
515 314 686 355 istorum
709 313 949 363 Ecclesiam,
971 313 1270 370 qualiscunque
1301 314 1467 354 tandem
1497 329 1545 355 ea
1573 330 1684 356 nunc

298 393 373 434 est,
395 383 460 424 vel
490 381 665 423 nominis
695 380 824 437 ipsius
853 396 990 432 causa,
1019 381 1085 422 vel
1114 381 1228 437 quod
1259 381 1300 421 in
1331 397 1379 422 ea
1408 382 1685 438 Evangelium

299 454 329 493 J
333 468 405 493 esu
428 450 580 493 Christi
601 449 824 505 aliquando
844 464 954 499 vere,
976 465 1023 490 ac
1042 465 1146 505 pure
1167 450 1417 491 illustratum
1442 449 1582 500 fuerit,
1603 464 1686 490 non

300 519 359 561 ita
378 517 704 565 contemnimus,
739 532 813 557 nec
834 517 886 556 ab
907 532 954 557 ea
974 516 1051 556 nisi
1071 517 1310 567 necessario,
1331 528 1372 558 et
1391 517 1584 573 perinviti
1608 516 1689 557 dis-

302 587 523 629 cessionem
543 586 789 627 fecissemus.
854 584 934 625 Sed
955 584 1056 640 quid
1079 585 1111 625 si
1138 584 1180 625 in
1209 584 1390 625 Ecclesia
1420 585 1501 626 Dei
1530 585 1689 625 idolum

303 655 519 705 excitetur,
542 664 582 695 et
603 652 801 694 desolatio
820 652 903 702 illa,
920 667 1046 708 quam
1069 652 1261 693 Christus
1280 652 1464 693 futuram
1481 652 1688 708 praedixit,

305 733 383 765 stet
402 723 538 780 palam
555 722 597 762 in
617 721 707 762 loco
728 719 885 761 sancti?
919 719 1031 770 Quid
1053 721 1084 761 si
1105 735 1238 761 arcam
1263 721 1354 761 Noe
1370 720 1511 776 praedo
1527 720 1689 776 aliquis,

305 800 378 833 aut
398 791 532 847 pirata
550 791 754 845 occupet?
788 789 910 829 Certe
930 788 1011 838 isti,
1034 788 1195 844 quoties
1216 788 1439 829 Ecclesiam
1456 788 1573 829 nobis
1588 804 1693 844 prae-

306 859 458 909 dicant,
482 873 523 898 se
543 857 653 913 ipsos
674 856 780 897 solos
800 871 888 896 eam
910 856 1092 903 faciunt,
1126 865 1167 897 et
1186 871 1327 897 omnes
1346 856 1436 897 illos
1456 856 1597 897 titulos
1618 855 1694 896 sibi

306 927 405 983 ipsis
423 925 662 966 adscribunt
679 940 690 971 ς
728 932 853 979 atque
873 923 931 964 ita
951 923 1223 979 triumphant,
1246 933 1293 964 ut
1313 923 1410 964 olim
1430 923 1488 963 illi
1517 923 1590 979 qui
1616 923 1695 964 cla-

309 995 491 1044 mabant,
510 991 737 1048 Templum
758 991 944 1041 Domini,
965 990 1192 1047 Templum
1210 990 1403 1031 Domini:
1436 1001 1509 1032 aut
1525 1001 1572 1032 ut
1588 991 1697 1032 Pha-

309 1062 416 1105 risaei
436 1071 477 1102 et
499 1060 666 1110 Scribae,
689 1074 785 1100 cum
801 1060 1006 1115 jactarent
1028 1074 1068 1099 se
1089 1074 1174 1099 esse
1195 1058 1299 1099 filios
1320 1059 1567 1100 Abrahami.

370 1132 439 1171 Ita
456 1128 568 1170 inani
589 1127 805 1184 splendore
825 1127 1046 1184 imponunt
1067 1126 1334 1183 simplicibus,
1356 1142 1513 1183 nosque
1533 1127 1698 1168 nomine

312 1199 401 1255 ipso
421 1196 617 1239 Ecclesiae
638 1204 833 1251 quaerunt
854 1196 1053 1243 obruere;
1087 1205 1135 1235 ut
1156 1194 1188 1235 si
1208 1195 1327 1245 latro,
1349 1205 1550 1251 occupata
1575 1195 1699 1236 domo

312 1265 452 1321 aliqua
470 1264 614 1313 aliena,
638 1273 678 1303 et
699 1263 763 1303 vel
784 1262 824 1303 vi
843 1263 1077 1312 exturbato,
1096 1261 1159 1302 vel
1181 1262 1396 1302 interfecto
1411 1261 1592 1312 domino,
1610 1276 1700 1302 eam

313 1343 457 1390 postea
475 1331 680 1373 adscribat
702 1330 792 1381 sibi,
815 1339 856 1371 et
882 1330 1051 1371 herilem
1078 1330 1209 1370 filium
1239 1330 1292 1370 de
1321 1330 1571 1385 possessione
1601 1330 1702 1386 deji-

314 1401 418 1449 ciat;
452 1409 526 1441 aut
547 1400 579 1440 si
600 1398 898 1447 Antichristus,
916 1408 1135 1454 postquam
1151 1398 1369 1454 occupabit
1386 1398 1587 1454 templum
1603 1398 1699 1449 Dei,

315 1469 426 1509 dicat
445 1477 588 1524 postea
607 1466 712 1507 illud
727 1467 815 1522 jam
836 1481 921 1506 esse
943 1481 1078 1515 suum,
1102 1476 1142 1506 et
1165 1465 1266 1505 nihil
1293 1465 1345 1506 ad
1368 1465 1581 1506 Christum
1610 1480 1704 1521 per-

316 1536 456 1577 tinere.
519 1536 629 1576 Nam
647 1534 713 1575 isti
734 1534 903 1590 quidem
925 1548 1020 1574 cum
1040 1533 1083 1573 in
1109 1533 1290 1574 Ecclesia
1320 1533 1401 1574 Dei
1432 1533 1532 1574 nihil
1562 1533 1702 1575 Eccle-

318 1603 388 1645 siae
409 1602 538 1644 simile
558 1602 812 1658 reliquerint,
834 1601 1030 1643 Ecclesiae
1051 1610 1187 1642 tamen
1206 1602 1369 1657 patroni
1397 1611 1438 1643 et.
1467 1618 1704 1659 propugna÷

319 1681 427 1712 tores
447 1670 577 1711 videri
597 1669 770 1717 volunt;
812 1685 981 1725 prorsus
1011 1679 1059 1710 ut
1084 1669 1299 1710 Gracchus
1328 1669 1425 1710 olim
1455 1670 1705 1711 defendebat

318 1738 525 1788 aerarium,
547 1753 641 1778 cum
671 1737 957 1793 largitionibus
986 1737 1197 1787 faciendis,
1219 1747 1260 1778 et
1289 1737 1440 1778 insanis
1470 1738 1705 1795 sumptibus

321 1806 513 1847 aerarium
532 1806 723 1846 funditus
743 1805 964 1846 effudisset.
1026 1805 1142 1845 Nihil
1162 1814 1299 1845 autem
1323 1821 1506 1861 unquam
1528 1816 1611 1847 tam
1632 1807 1707 1847 im-

322 1874 439 1931 pium
459 1883 532 1915 aut
552 1873 780 1915 absurdum
807 1873 902 1923 fuit,
925 1872 1026 1928 quin
1058 1872 1252 1913 Ecclesiae
1282 1873 1446 1914 nomine
1475 1874 1592 1914 facile
1623 1875 1707 1930 tegi

322 1953 363 1984 et
382 1942 547 1983 defendi
568 1950 716 1998 posset.
780 1941 958 1982 Faciunt
978 1940 1086 1981 enim
1107 1940 1229 1981 etiam
1252 1942 1397 1997 Vespae
1418 1941 1547 1992 favos,
1565 1952 1606 1983 et
1623 1943 1707 1983 Im-

322 2010 379 2067 pii
401 2019 532 2051 coetus
552 2009 706 2051 habent
727 2008 876 2049 similes
895 2008 1090 2049 Ecclesiae
1112 2008 1207 2049 Dei.

381 2080 444 2119 At
464 2093 546 2118 non
568 2077 807 2133 quicunque
828 2076 1025 2117 dicuntur
1044 2075 1224 2132 populus
1244 2075 1338 2126 Dei,
1362 2085 1455 2117 sunt
1478 2077 1615 2118 statim
1636 2093 1708 2134 po-

324 2146 449 2203 pulus
470 2146 577 2193 Dei3
611 2160 685 2186 nec
706 2145 945 2200 quicunque
966 2154 1062 2185 sunt
1083 2160 1133 2185 ex
1161 2152 1277 2200 patre
1309 2144 1475 2195 Israele,
1498 2156 1594 2186 sunt
1623 2161 1709 2186 om-

324 2230 396 2257 nes
418 2213 630 2255 Israelitae.
693 2212 891 2254 Haeretici
914 2212 1061 2253 Ariani
1089 2228 1130 2253 se
1161 2211 1265 2252 solos
1288 2212 1502 2267 jactabant
1530 2229 1615 2254 esse
1644 2230 1709 2255 ca-

326 2283 521 2329 tholicos3
556 2290 724 2322 caeteros
744 2296 884 2322 omnes
904 2281 1028 2322 modo
1048 2280 1360 2330 Ambrosianos‚
1383 2281 1507 2322 modo
1528 2282 1709 2323 Athana-

326 2351 472 2401 sianos‚
496 2350 618 2391 modo
639 2350 669 2390 J
672 2349 857 2390 oannitas
876 2349 1149 2405 appellabant.
1197 2348 1427 2398 Nestorius,
1452 2358 1496 2389 ut
1517 2349 1573 2389 ait
1596 2349 1709 2390 The-

326 2420 535 2468 odoretus,
556 2432 651 2459 cum
672 2425 776 2457 esset
799 2417 1030 2467 haereticus,
1054 2426 1188 2457 tamen
1221 2417 1385 2472 tegebat
1416 2433 1457 2457 se
1485 2421 1546 2466 τῆς
1578 2418 1710 2473 ὀρθοδο-

327 2487 407 2536 ξίας
426 2486 685 2542 προσχήματι,
708 2485 785 2525 hoc
806 2493 880 2535 est,
904 2484 1035 2540 specie
1065 2484 1259 2540 quadam,
1282 2499 1328 2524 ac
1348 2484 1439 2524 velo
1469 2485 1709 2526 orthodoxae

328 2554 434 2593 fidei.
496 2553 633 2594 Ebion
655 2552 844 2608 quamvis
869 2552 1036 2593 sentiret
1062 2567 1156 2592 cum
1189 2551 1467 2601 Samaritanis,
1490 2560 1640 2601 tamen,
1664 2560 1712 2593 ut

328 2622 589 2677 Epiphanius
609 2622 679 2672 ait,
702 2621 899 2677 appellari
920 2621 1083 2662 volebat
1105 2621 1374 2662 Christianus.
1426 2619 1711 2660 Mahometani

328 2689 464 2738 hodie,
487 2690 673 2744 quamvis
694 2705 763 2730 eos
783 2705 833 2730 ex
854 2689 1045 2730 omnibus
1064 2688 1241 2730 historiis
1267 2688 1363 2729 satis
1392 2695 1562 2736 constet,
1584 2686 1710 2742 idque

328 2756 405 2813 ipsi
428 2771 576 2812 negare
596 2771 677 2797 non
698 2756 868 2812 possint,
891 2757 944 2797 ab
965 2758 1110 2813 Agara
1139 2755 1284 2797 ancilla
1313 2755 1463 2796 ducere
1493 2753 1707 2809 originem,
