1799 3077
34 946 175 976 Secunda

39 999 111 1028 pars
125 990 201 1026 Sym
210 1004 223 1010 -

35 1033 112 1062 boli.
135 1033 220 1061 Deus

35 1077 143 1106 Filius.

243 133 327 172 <248
582 130 818 172 NOELLI
853 129 1315 172 CATECHISMUS.

489 195 508 204 x

242 254 373 296 crant,
405 243 599 292 subiisse3
638 244 964 300 perturbatoque
993 244 1035 284 in
1065 244 1169 285 coelo
1198 252 1274 283 uet
1304 250 1413 283 terra
1443 250 1529 284 toto
1558 257 1628 283 na-

244 322 349 354 turae
369 312 526 363 ordine,
549 312 692 352 noxias
713 319 990 367 tempestates,
1013 311 1281 361 sterilitatem,
1303 310 1482 360 morbos,
1504 318 1630 366 atque

243 383 322 424 alia
341 383 502 423 infinita
521 381 629 422 mala
648 381 689 421 in
710 381 852 422 orbem
879 381 1097 429 invasisse3
1130 380 1173 421 in
1203 395 1308 436 quas
1328 388 1349 408 x
1362 379 1543 420 miserias
1573 388 1633 420 at-

244 467 327 507 que
347 465 566 499 aerumnas,
587 458 739 505 praeter
758 449 943 489 nativum
972 448 1077 489 illud
1106 448 1276 499 malum,
1299 448 1440 490 multis
1468 448 1631 499 nostris,
1656 440 1662 444 .

245 519 488 575 magnisque
508 517 685 574 peccatis
704 516 963 557 meritissimo
982 516 1215 558 incidimus.

304 589 368 628 M.
393 588 430 628 O
457 586 662 627 funestam
694 594 820 641 atque
849 584 1098 625 horrendam
1128 600 1179 624 ex
1208 592 1376 640 peccato
1405 584 1563 625 cladem
1594 593 1635 624 et

245 655 529 697 calamitatem.
581 655 645 694 At
666 669 857 709 quaenam
886 653 1052 694 tandem
1080 652 1150 693 illa
1179 661 1254 702 est,
1275 667 1402 708 quam
1431 652 1549 692 nobis
1578 652 1637 692 fe-

246 725 346 766 cisse
367 725 508 764 Deum
529 721 773 762 medicinam
801 721 914 772 dicis,
936 721 978 761 in
1009 737 1093 777 qua
1121 719 1244 777 primi
1273 719 1402 760 nostri
1431 728 1636 776 parentes,

247 802 288 834 ct
307 790 455 847 reliqui
475 789 668 846 deinceps
687 805 830 830 eorum
850 789 1002 845 posteri
1023 805 1137 846 spem
1158 796 1389 845 posuerunt
1414 797 1455 829 et
1485 788 1638 829 defixe-

250 864 383 901 runt?

310 929 367 968 A.
389 927 462 968 Ad
487 941 577 967 eam
602 925 799 966 nimirum
830 925 972 967 salutis
1002 940 1116 982 spem
1146 925 1269 966 erecti
1300 933 1410 974 sunt,
1432 939 1558 980 quam
1588 939 1639 964 ex

253 996 359 1037 Fide
380 996 422 1035 in
443 996 472 1035 J
476 1010 591 1035 esum
614 994 829 1035 Christum
850 993 1109 1035 liberatorem
1130 1003 1256 1049 atque
1276 1001 1523 1034 servatorem
1544 991 1643 1048 ipsis

252 1080 277 1105 a
316 1065 411 1104 Deo
449 1073 469 1102 y
483 1063 732 1120 promissum
775 1071 1062 1119 conceperunt.
1129 1063 1225 1103 Hoc
1269 1061 1378 1102 enim
1423 1070 1484 1101 est
1529 1060 1643 1116 quod

246 1133 336 1189 jam
378 1131 565 1188 proxime
607 1130 649 1171 in
696 1130 896 1187 Symbolo
935 1130 1148 1187 sequitur:
1203 1131 1358 1171 CREDo
1400 1143 1451 1170 IN
1491 1129 1521 1169 J
1527 1142 1642 1168 ESUM

255 1202 515 1250 Cnmsmm,
541 1201 613 1241 ὅτε.

313 1271 377 1310 Μ.
401 1270 473 1310 An
495 1278 535 1309 et
555 1267 699 1324 primis
719 1267 959 1324 parentibus
980 1267 1142 1317 nostris,
1166 1267 1283 1308 Deus
1303 1264 1553 1307 liberationis
1573 1279 1647 1320 per

255 1339 285 1379 J
289 1352 404 1378 esum
428 1336 641 1379 Christum
665 1351 777 1391 spem
800 1335 936 1376 statim
957 1335 1083 1376 fecit?

315 1407 370 1446 A.
395 1405 611 1446 Profecto:
646 1405 756 1444 Nam
778 1413 826 1444 ut
843 1403 1058 1444 Adamum
1077 1412 1095 1431 z
1109 1412 1150 1444 et
1165 1404 1300 1443 Evam
1319 1401 1452 1442 verbis
1466 1401 1647 1458 primum

256 1473 438 1531 graviter
457 1471 690 1528 castigatos,
712 1472 764 1512 de
785 1471 906 1512 horto
927 1471 1177 1520 deturbavit,
1198 1470 1257 1511 ita
1277 1478 1506 1526 serpentem
1528 1470 1650 1510 devo-

258 1542 333 1592 vit,
355 1550 427 1582 aet
445 1541 628 1582 minatus
647 1549 708 1581 est
734 1539 793 1580 illi
822 1548 986 1596 tempus
1015 1539 1112 1580 olim
1143 1539 1245 1590 fore,
1267 1554 1353 1594 quo
1382 1537 1565 1579 mulieris
1595 1553 1653 1578 se-

261 1626 355 1652 men
376 1619 502 1666 caput
524 1608 583 1649 illi
603 1608 878 1649 imminueret.

321 1679 388 1718 M.
413 1676 538 1727 Quod
559 1692 656 1717 vero
677 1684 737 1716 est
758 1690 894 1716 semen
915 1674 1035 1725 illud,
1058 1674 1110 1715 de
1130 1691 1215 1731 quo
1235 1674 1420 1730 loquitur
1440 1675 1590 1715 Deus?

321 1747 376 1786 A.
401 1746 550 1786 Semen
571 1744 708 1784 billud
729 1752 790 1784 est
813 1743 894 1796 (uti
914 1743 1133 1783 clarissime
1153 1759 1227 1784 nos
1248 1743 1367 1784 docet
1387 1742 1563 1798 Paulus)
1585 1744 1614 1783 J
1618 1758 1657 1783 e-

265 1830 334 1855 sus
356 1813 545 1854 Christus
567 1812 699 1852 Filius
720 1811 815 1862 Dei,
838 1826 958 1851 verus
980 1812 1111 1861 Deus,
1134 1821 1175 1851 et
1202 1811 1311 1851 filius
1330 1811 1514 1867 virginis,
1535 1826 1658 1851 verus

264 1882 406 1932 homo,
426 1881 468 1920 in
489 1896 574 1936 quo
604 1895 679 1920 nos
707 1879 903 1920 fiduciam
933 1887 1059 1934 atque
1090 1894 1204 1934 spem
1235 1889 1415 1919 nostram
1446 1878 1657 1928 collocare,

268 1949 450 1991 secundo
469 1948 559 1989 loco
586 1948 625 1989 in
661 1947 859 2004 Symbolo
889 1947 1157 2002 profitemur3
1191 1946 1264 2002 qui
1294 1958 1517 2002 conceptus
1546 1956 1607 1987 est
1637 1962 1659 1987 e

272 2018 430 2074 Spiritu
451 2025 635 2066 esanctQ
667 2025 707 2057 et
736 2015 901 2071 genitus
931 2031 982 2055 ex
1013 2024 1178 2065 sanctae,
1207 2023 1343 2065 eastae,
1376 2023 1501 2070 atque
1530 2014 1661 2055 incor-

270 2095 406 2143 ruptae
429 2085 596 2141 virginis
619 2083 767 2126 Mariae
788 2092 960 2130 natura;
994 2092 1120 2138 atque
1147 2098 1195 2123 ea
1224 2091 1354 2123 matre
1385 2082 1439 2123 sic
1470 2092 1592 2123 natus
1621 2091 1662 2124 et

271 2154 478 2196 enutritus
498 2163 573 2203 est,
597 2161 645 2193 ut
665 2152 812 2208 reliqui
832 2151 1023 2202 infantes,
1046 2151 1122 2191 nisi
1143 2151 1258 2206 quod
1277 2151 1330 2192 ab
1350 2151 1483 2192 omnis
1508 2151 1664 2207 peccati

272 2222 514 2279 contagione
533 2222 553 2250 d
568 2220 735 2262 omnino
754 2235 886 2276 purus
907 2229 1011 2260 esset
1030 2228 1156 2275 atque
1176 2218 1343 2260 alienus.

334 2292 399 2331 M.
423 2292 495 2331 An
517 2289 612 2330 satis
629 2304 727 2345 ergo
742 2288 890 2329 habuit
906 2289 1024 2329 Deus
1041 2287 1162 2328 semel
1180 2288 1221 2328 in
1239 2287 1378 2329 Veteri
1396 2289 1666 2329 Testamento

275 2360 327 2400 de
347 2359 426 2399 hoc
448 2358 600 2399 semine
621 2356 885 2413 promisisse?

334 2432 390 2470 A.
421 2431 514 2470 Imo
534 2427 846 2484 promissionem
867 2427 973 2467 hanc
993 2426 1177 2466 humano
1196 2425 1335 2481 generi
1357 2424 1666 2481 optatissimam,

279 2498 487 2538 Dominus
512 2498 630 2537 Deus
657 2494 899 2552 parentibus
919 2493 1096 2535 enostris
1125 2494 1307 2550 primum
1338 2493 1502 2543 factam,
1524 2491 1670 2532 identi-

326 2627 339 2639 υ
357 2620 437 2650 Gen.
455 2619 499 2649 iii.
519 2626 569 2659 17,
591 2619 641 2655 18,
663 2628 711 2659 ¹9·
843 2625 857 2639 Χ
874 2619 949 2649 Ose.
966 2617 1010 2648 vi.
1024 2623 1051 2657 7.
1078 2627 1094 2647 2
1111 2618 1185 2648 Cor.
1200 2617 1244 2647 xi.
1259 2626 1291 2655 3.
1423 2623 1436 2642 y
1454 2615 1534 2645 Gen.
1552 2613 1597 2644 iii.
1620 2622 1669 2651 14,

289 2682 337 2713 ¹5·
450 2680 461 2693 Ζ
477 2675 557 2703 Gen.
576 2674 621 2702 iii.
643 2683 694 2710 11,
717 2682 766 2709 12,
788 2682 839 2711 13,
861 2680 910 2712 17,
930 2681 981 2710 23,
999 2681 1049 2710 24.
1159 2677 1172 2691 ἃ
1189 2672 1270 2701 Gen.
1286 2670 1332 2700 iii.
1353 2678 1402 2708 ¹4·
1506 2667 1520 2687 ¹³
1537 2668 1608 2698 Gal.
1627 2667 1672 2697 iii.

290 2727 339 2763 16,
358 2738 406 2766 10·
518 2735 530 2747 ⁰
549 2728 628 2757 Mat.
648 2728 668 2756 i.
687 2736 739 2763 20,
759 2736 809 2757 21.
836 2727 912 2756 Luc.
930 2726 950 2755 i.
968 2736 1021 2765 31,
1040 2734 1091 2765 35.
1203 2725 1216 2744 ‘¹
1233 2725 1366 2755 .10a11.i.
1385 2733 1435 2764 29.
1460 2723 1544 2754 Heb.
1561 2723 1601 2754 iv.
1622 2730 1672 2761 15.

287 2783 397 2819 ix‚14.
486 2780 721 2817 ⁴*G‹›11.iii.14‚
745 2789 791 2818 15.
