1799 3077
307 153 389 190 298
638 152 872 193 NOELLI
909 152 1375 194 CATECHISMUS.

305 273 380 314 tas,
402 264 544 305 civitas
565 264 716 305 tradita
742 274 816 315 est,
838 264 1129 306 abstinendum
1157 274 1283 321 atque
1310 265 1554 317 cavendum,
1575 267 1693 309 facile

303 333 489 389 profecto
518 332 796 388 intelligimus.
858 333 912 372 Et
946 332 977 373 si
1006 333 1202 389 praeclare
1222 349 1246 375 a
1266 333 1520 391 sapientibus
1550 334 1692 391 priscis

302 401 460 442 dictum
491 410 566 452 est,
588 400 708 441 vultu
739 400 834 441 laedi
863 401 1073 456 pietatem,
1095 412 1367 459 parentesque
1394 403 1521 444 verbo
1541 419 1692 444 voceve

302 469 468 520 violare,
492 484 700 510 summum
722 484 807 509 esse
834 468 963 519 nefas,
985 469 1099 524 quod
1127 470 1375 526 supplicium
1403 471 1500 512 satis
1519 487 1611 512 acre
1631 487 1693 513 re-

301 538 484 594 perietur
523 538 564 578 in
596 552 705 587 eum,
738 536 810 592 qui
845 547 1019 577 mortem
1051 537 1248 579 obtulerit
1283 539 1457 594 parenti,
1494 555 1572 596 pro
1605 556 1690 596 quo

300 607 403 647 mori
435 606 585 662 ipsum,
609 605 640 646 si
672 621 735 646 res
765 605 1007 661 postularet,
1031 605 1132 661 jura
1168 605 1321 647 Divina
1351 616 1476 662 atque
1508 608 1689 650 humana

301 675 502 732 cogebant
517 678 533 715 Ρ

357 744 421 783 Μ.
454 744 517 783 At
539 742 670 784 multo
690 751 751 784 est
770 742 907 784 adhuc
932 742 1110 783 atrocius
1139 742 1284 799 patriae
1313 751 1540 800 parentem,
1562 759 1686 800 quam

299 826 420 853 suum
441 810 607 861 violare,
629 820 703 851 aut
723 811 917 852 occidere.

356 881 412 923 A.
445 879 660 920 Profecto:
690 880 799 919 Nam
823 878 854 920 si
877 879 1059 935 singulos
1074 878 1260 920 homines
1279 889 1469 935 parentes
1491 895 1585 920 suos
1605 880 1687 936 pri-

297 948 422 988 vatim
454 947 619 997 violare,
641 947 870 1004 flagitium3
903 963 1061 998 necare,
1093 947 1359 1004 parricidium
1381 947 1456 996 sit;
1491 948 1594 1004 quid
1624 948 1685 989 di-

295 1031 435 1057 cemus
455 1016 507 1056 de
527 1015 619 1066 illis,
640 1016 710 1071 qui
733 1024 876 1056 contra
905 1015 1092 1071 rempub.
1115 1024 1257 1056 contra
1284 1015 1458 1071 patriam
1488 1015 1685 1072 antiquis-

295 1084 437 1125 simam
470 1083 860 1140 sanctissimamque,
882 1094 922 1124 et
952 1099 1211 1124 communem
1242 1083 1426 1124 omnium
1456 1093 1682 1140 parentem,

294 1167 418 1208 quam
448 1152 565 1193 nobis
585 1152 810 1193 chariorem
833 1168 918 1194 esse
938 1168 1063 1208 quam
1094 1151 1364 1208 nosmetipsos
1384 1151 1515 1203 decet,
1537 1161 1579 1193 et
1606 1168 1683 1209 pro

293 1236 376 1275 qua
397 1235 518 1261 nemo
537 1220 671 1261 bonus
687 1220 851 1261 dubitat
872 1220 989 1270 mori,
1009 1220 1040 1260 si
1063 1220 1098 1260 ei
1121 1220 1171 1260 sit
1192 1219 1462 1276 profuturus3
1495 1219 1568 1275 qui
1588 1235 1682 1260 con-

293 1297 358 1328 tra
389 1287 637 1343 Principem,
668 1296 828 1344 patrem
859 1288 1004 1344 patriae
1034 1287 1177 1343 ipsius,
1205 1297 1245 1328 et
1275 1287 1434 1343 reipub.
1468 1296 1680 1343 parentem

291 1355 576 1411 conjurarunt,
599 1363 724 1410 atque
755 1355 881 1411 impia
910 1370 1024 1395 arma
1045 1354 1255 1401 tulerunt3
1291 1364 1331 1395 et
1363 1370 1466 1410 quos
1496 1355 1681 1396 deserere

291 1424 354 1463 vel
376 1423 598 1464 destituere
628 1423 807 1479 proditio
838 1423 902 1473 sit,
926 1424 978 1464 de
1006 1422 1170 1464 illorum
1202 1423 1394 1479 pernicie,
1417 1422 1555 1474 exitio,
1578 1423 1679 1464 inte-

289 1491 372 1532 ritu
395 1491 603 1548 cogitare?
637 1491 774 1533 Verbo
796 1491 891 1533 satis
912 1491 1039 1547 digno
1067 1502 1150 1532 tam
1172 1491 1327 1532 nefaria
1346 1490 1543 1548 appellari
1564 1491 1679 1533 nullo

289 1560 414 1601 modo
434 1569 580 1616 potest.

347 1629 411 1668 M.
445 1628 592 1669 Recita
605 1628 693 1684 jam
717 1636 879 1668 sextum
901 1628 1157 1670 mandatum.

345 1699 400 1737 A.
435 1696 574 1738 iNON
602 1710 839 1737 OCCIDEs.

346 1766 409 1806 M.
445 1764 602 1806 Satisne
631 1763 727 1805 huic
761 1763 866 1820 Legi
892 1763 1283 1820 obtemperabimus,
1305 1763 1337 1804 si
1358 1778 1503 1804 manus
1522 1778 1546 1804 a
1566 1763 1677 1805 caede

287 1843 328 1875 et
349 1832 547 1888 sanguine
568 1847 693 1888 puras
713 1830 1010 1872 habuerimus?

344 1902 399 1940 A.
433 1901 551 1941 Deus
581 1915 662 1940 non
695 1898 874 1940 externis
904 1907 1065 1940 tantum
1087 1899 1294 1955 operibus,
1317 1898 1386 1939 sed
1407 1897 1531 1956 animi
1552 1898 1674 1940 etiam

285 1969 547 2019 kaffectibus‚
570 1970 755 2024 adeoque
777 1967 839 2008 his
865 1967 1122 2023 potissimum
1151 1967 1282 2023 legem
1306 1966 1426 2013 tulit;
1460 1964 1545 2007 lira
1564 1967 1672 2007 enim

285 2049 326 2079 et
355 2038 512 2089 odium,
542 2048 582 2080 et
612 2038 769 2094 quaevis
799 2036 972 2077 nocendi
1003 2036 1221 2092 cupiditas,
1253 2035 1385 2076 caedes
1413 2050 1550 2075 coram
1579 2036 1673 2077 Deo

285 2117 484 2149 censetur.
546 2107 619 2148 Ab
649 2106 713 2147 his
743 2121 841 2162 ergo
878 2120 952 2145 nos
986 2104 1107 2145 etiam
1149 2105 1266 2145 Deus
1305 2102 1380 2144 hac
1422 2103 1538 2159 Lege
1579 2119 1672 2159 pro-

283 2174 409 2216 hibet.

342 2245 404 2284 M.
438 2243 565 2284 Plene
586 2259 685 2299 ergo
707 2241 813 2298 Legi
845 2240 1152 2290 satisfaciemus,
1174 2240 1206 2281 si
1226 2239 1367 2280 odium
1398 2238 1438 2279 in
1466 2238 1669 2280 neminem

282 2311 559 2368 concipiamus
573 2314 589 2352 Ρ

340 2381 394 2420 Α.
456 2380 546 2420 Imo
595 2378 736 2420 odium
786 2376 1036 2427 damnando,
1087 2375 1294 2416 Dominus
1342 2389 1522 2415 amorem
1572 2389 1668 2430 erga

282 2455 314 2474 ¹¹¹
329 2462 469 2487 omnes
500 2446 700 2496 homines,
733 2444 853 2486 etiam
884 2444 1068 2485 inimicos
1099 2443 1252 2499 exigit3
1295 2442 1482 2498 adeoque
1512 2450 1560 2482 ut
1589 2441 1668 2482 illis

279 2515 351 2570 qui
374 2515 490 2555 nobis
510 2513 615 2555 male
634 2522 870 2570 precantur,
893 2522 933 2553 et
954 2511 1091 2552 hostili
1119 2511 1161 2552 in
1189 2526 1263 2551 nos
1293 2520 1389 2551 sunt
1415 2509 1511 2550 odio
1540 2518 1665 2565 atque

279 2581 534 2633 crudelitate,
557 2597 640 2623 non
671 2581 794 2622 modo
825 2580 997 2622 salutem
1019 2589 1060 2620 et
1086 2578 1424 2627 incolumitatem,
1446 2577 1664 2633 omniaque

321 2703 328 2724 ¹
354 2705 457 2734 Exod.
475 2715 528 2734 xx.
545 2714 592 2742 ¹3.
617 2705 699 2734 Mat.
716 2714 745 2734 v.
761 2713 812 2734 21.
833 2704 904 2734 Jac.
920 2703 954 2733 ii.
975 2713 985 2733 1
998 2712 1024 2734 1.
1166 2700 1180 2721 ¹¹
1205 2702 1303 2732 Dent.
1321 2710 1397 2731 xxx.
1416 2700 1445 2730 6.
1477 2700 1558 2730 Psal.
1576 2700 1662 2730 xxiv.

279 2766 310 2795 4.
335 2758 416 2788 Mat.
434 2757 476 2787 ix.
493 2766 524 2794 4.
548 2758 632 2787 ch.
650 2757 694 2787 iii.
713 2766 760 2786 12.
892 2756 899 2776 ¹
924 2757 1006 2787 Mat.
1023 2767 1052 2786 v.
1072 2765 1124 2793 21,
1143 2764 1195 2792 22,
1216 2762 1264 2793 23.
1289 2755 1360 2785 Gal.
1377 2764 1406 2784 v.
1422 2762 1472 2785 20.
1501 2764 1512 2784 ι
1532 2754 1606 2784 «Iob.
1627 2753 1660 2784 ii.

284 2822 330 2843 ιι.
418 2817 440 2831 ““·
467 2812 547 2842 Mat.
564 2822 590 2841 ν.
610 2820 660 2849 23,
681 2820 732 2848 24,
751 2818 801 2849 25.
826 2811 904 2841 Luc.
922 2811 963 2841 vi.
984 2818 1033 2850 27.
1059 2811 1152 2841 Rom.
1170 2809 1226 2840 xii.
1244 2809 1291 2838 18.
