1799 3077
293 142 350 181 54
736 138 1239 180 PROTESTATIO

294 252 541 294 Ambrosio:
577 254 742 308 Corpus
772 267 845 308 per
874 252 1049 308 gratiam
1080 267 1174 293 cum
1205 251 1471 308 Epiphanio:
1505 254 1684 295 Carnem

293 319 562 377 spiritualem,
585 319 656 361 sed
677 319 799 360 aliam
819 319 872 360 ab
893 335 941 361 ea
959 335 1056 376 quae
1084 320 1283 362 crucifixa
1311 328 1387 371 est,
1407 334 1504 361 cum
1534 320 1686 362 Hiero-

293 403 445 444 nymo:
481 387 671 429 Gratiam
691 387 935 429 influentem
962 388 1006 429 in
1032 388 1292 439 sacrificium,
1313 396 1355 429 et
1387 388 1566 444 Spiritus
1594 404 1687 445 gra-

294 456 392 497 tiam
413 471 509 497 cum
532 455 853 512 Chrysostomoz
889 455 1079 497 Gratiam
1105 464 1147 497 et
1167 455 1382 498 veritatem
1409 455 1683 504 invisibilem;

291 524 468 581 gratiam
507 533 549 565 et
589 523 824 565 societatem
864 524 1144 565 membrorum
1179 523 1361 580 corporis
1395 524 1551 566 Christi
1590 540 1685 566 cum

294 591 554 648 Augustino.
617 593 882 632 Postremum
917 606 1012 632 cum
1049 592 1281 642 Bertramo,
1313 591 1386 647 qui
1417 592 1568 632 horum
1601 606 1688 632 om·
1728 611 1732 615 ¹

293 661 409 702 nium
441 659 523 700 fuit
555 668 802 715 postremuS‚
831 659 1012 700 fatemur
1043 659 1272 700 secundum
1304 659 1348 700 id
1378 659 1521 700 haberi
1552 659 1594 700 in
1627 675 1688 700 sa-

292 736 505 771 cramento
546 728 689 768 Coenae
730 727 964 769 Dominicae
1002 742 1153 784 corpus
1188 727 1359 778 Christi,
1395 727 1586 769 videlicet
1620 727 1687 780 (ut

291 795 359 837 ille
379 795 456 850 ait)
478 794 593 851 quod
614 794 666 836 sit
686 794 729 835 in
749 810 799 836 eo
821 795 1001 851 Spiritus
1022 794 1193 846 Christi,
1213 794 1257 836 id
1277 803 1353 846 est,
1376 794 1519 836 Divini
1543 803 1687 850 poten-

293 864 350 905 tia
383 863 513 914 verbi,
550 878 647 919 quae
686 877 769 904 non
810 862 944 904 solum
982 862 1162 903 animam
1200 862 1344 919 pascit,
1381 878 1525 904 verum
1562 862 1685 904 etiam

292 941 459 989 purgat.
520 932 591 972 Ex
625 930 689 971 his
723 930 871 987 opinor
905 930 1099 972 omnibus
1133 930 1314 972 dilucide
1354 939 1496 987 patere
1534 939 1685 987 potest,

293 1000 408 1057 quod
436 1014 579 1041 sumus
610 999 664 1040 ab
694 1014 743 1040 ea
773 999 974 1040 sententia
1003 998 1139 1050 alieni,
1161 1014 1246 1055 qua
1276 1014 1351 1040 nos
1380 998 1485 1040 falso
1516 998 1684 1055 quidam

295 1068 385 1110 orbi
420 1067 638 1110 traducere
673 1075 892 1118 conantur,
926 1067 1108 1109 dicentes
1143 1082 1218 1108 nos
1250 1066 1351 1108 nihil
1382 1067 1497 1108 aliud
1525 1066 1686 1116 docere,

294 1151 419 1193 quam
440 1137 618 1193 figuram
639 1135 822 1192 corporis
845 1136 1001 1178 Christi
1022 1136 1064 1177 in
1085 1151 1227 1177 mensa
1248 1135 1469 1177 Dominica
1491 1151 1516 1176 a
1541 1135 1619 1192 piis
1647 1145 1687 1176 et

295 1204 486 1246 fidelibus
505 1204 630 1261 recipi
652 1204 816 1245 debere.

738 1332 946 1360 SECUNDA
979 1332 1250 1359 PROPOSITIO.

354 1409 455 1449 Post
474 1409 818 1450 consecrationem
841 1423 924 1449 non
945 1419 1127 1449 remanet
1150 1407 1379 1449 substantia
1397 1407 1516 1464 panis
1531 1416 1572 1448 et
1587 1407 1688 1456 vini,

295 1492 430 1532 neque
451 1476 537 1517 ulla
556 1476 636 1517 alia
656 1476 899 1527 substantia,
922 1476 998 1517 nisi
1021 1476 1251 1518 substantia
1272 1475 1353 1517 Dei
1373 1485 1414 1517 et
1434 1475 1624 1517 hominis⁸

865 1604 1119 1631 RESPONSIO.

355 1679 548 1721 Secunda
566 1680 773 1720 conclusio
793 1688 854 1720 est
883 1679 1119 1736 simpliciter
1150 1678 1279 1725 falsa3
1319 1678 1446 1719 verbo
1476 1678 1586 1725 Dei;
1619 1692 1689 1718 na-

297 1757 402 1788 turae
422 1757 800 1795 sacramentorum3
833 1757 875 1789 et
901 1756 1069 1804 patrum
1100 1747 1428 1788 orthodoxorum
1459 1746 1691 1788 clarissimis

296 1815 416 1857 dictis
449 1831 501 1856 ex
537 1815 738 1857 diametro
773 1815 991 1866 contraria,
1025 1823 1170 1871 estque
1205 1823 1328 1872 putre
1367 1814 1687 1855 fundamentum

295 1883 549 1940 reliquarum
570 1883 765 1934 duarum,
787 1899 883 1940 quae
913 1899 938 1924 a
967 1883 1084 1924 nobis
1113 1883 1336 1940 propositae
1367 1892 1478 1934 sunt,
1499 1881 1687 1923 videlicet

296 1953 440 2010 primae
460 1963 501 1994 et
529 1952 660 1994 tertiae
690 1952 1015 1994 conclusionum.
1066 1951 1140 1993 Ad
1170 1951 1275 1993 hanc
1306 1951 1434 2007 igitur
1463 1950 1688 2008 responsio-

296 2036 391 2062 nem
413 2035 495 2062 non
515 2020 707 2061 morabor
726 2036 799 2061 vos
820 2035 931 2062 nunc
951 2019 1036 2060 ulla
1062 2019 1347 2076 explicatione,
1369 2028 1587 2060 contentus
1617 2019 1690 2060 sci-

296 2089 389 2130 licet
411 2105 459 2130 ea
478 2105 574 2144 quae
594 2088 674 2130 iam
696 2090 886 2145 opposita
904 2098 965 2129 est
986 2087 1102 2144 prius
1130 2088 1183 2129 ad
1210 2088 1514 2144 responsionem
1544 2088 1688 2144 primae

298 2157 599 2214 propositionis.

451 2285 770 2311 RESPONSIONIS
803 2285 864 2311 AD
897 2285 1143 2312 SECUNDAM
1177 2284 1539 2312 PROPOSITIONEM

835 2353 1162 2380 CONFIRMATIO.

357 2428 381 2467 i.
407 2429 580 2469 Constat
610 2442 661 2469 ex
682 2428 809 2469 verbo
840 2428 935 2479 Dei,
958 2428 1173 2469 Christum
1204 2441 1352 2483 panem
1383 2426 1542 2468 dedisse
1572 2426 1690 2468 disci-

300 2494 422 2550 pulis,
445 2495 647 2552 illumque
666 2511 788 2537 suum
811 2511 961 2552 corpus
988 2495 1238 2552 appellasse3
1272 2495 1344 2535 sed
1371 2494 1599 2536 substantia
1618 2509 1689 2550 pa-

300 2562 363 2603 nis
383 2562 462 2603 alia
479 2572 540 2604 est
559 2579 584 2604 a
611 2564 839 2605 substantia
862 2563 1017 2605 Christi
1048 2563 1130 2604 Dei
1160 2572 1201 2604 et
1230 2563 1433 2610 hominis3
1466 2578 1566 2618 ergo
1594 2578 1689 2603 con-

300 2629 429 2670 clusio
449 2630 562 2671 falsa.
623 2631 767 2672 Minor
787 2641 915 2688 patet,
937 2641 979 2673 et
1010 2632 1151 2688 Major
1181 2631 1403 2687 probatur:
1449 2632 1544 2670 Hoc
1573 2629 1688 2671 dedit

300 2697 524 2753 discipulis,
547 2698 853 2755 appellavitque
873 2715 1024 2756 corpus
1046 2715 1183 2750 suum,
1206 2698 1318 2755 quod
1339 2698 1508 2753 accepit,
1531 2697 1571 2738 in
1603 2713 1688 2753 quo

299 2765 451 2820 gratias
471 2765 569 2821 egit,
591 2775 631 2806 ct
658 2767 769 2821 quod
798 2766 951 2822 fregit;
995 2767 1066 2808 sed
1094 2766 1250 2822 accepit
1280 2780 1442 2822 panem,
1466 2780 1588 2822 super
1618 2780 1688 2821 pa-
