1799 3077
65 1286 101 1314 In
118 1287 259 1316 Lateran.

63 1332 173 1360 concil.
190 1332 246 1360 sub

62 1376 157 1403 Aulio.

69 2583 99 2611 3.
112 2575 189 2612 ch.
207 2573 265 2602 xix.

68 2776 136 2805 Esa.
150 2776 167 2803 i.

291 151 373 190 1592
681 149 903 190 JUELLI
938 149 1269 191 APOLOGIA.

284 271 463 303 statuere
483 263 773 319 potuissemus,
796 263 969 303 verbum
991 263 1072 304 Dei
1093 263 1147 304 ad
1171 263 1328 319 aliquot
1355 270 1517 303 tantum
1545 275 1674 302 annos

284 330 409 371 fuisse
449 331 661 387 scriptum,
694 340 837 386 postea
871 330 1102 385 oportuisse
1136 330 1351 387 abrogarig
1393 337 1466 370 aut
1505 327 1673 369 omnino

283 398 394 439 dicta
423 407 463 439 et
488 399 605 455 jussa
635 398 716 438 Dei
747 397 1002 453 subjicienda
1031 414 1116 439 esse
1145 398 1349 439 voluntati
1384 398 1591 445 humanae,
1624 402 1673 436 ut

283 466 490 522 quidquid
509 466 577 507 ille
599 466 706 508 dicat
722 474 795 506 aut
809 465 971 521 jubeat,
986 465 1063 506 nisi
1080 467 1297 508 Romanus
1314 466 1547 522 Episcopus
1563 463 1672 504 idem

283 534 382 575 velit
402 543 443 575 et
458 535 620 591 jubeat,
642 549 719 590 pro
738 533 856 574 irrito
876 542 916 574 et
936 533 1092 574 indicto
1111 534 1349 575 habendum
1372 533 1442 581 sit;
1476 531 1508 573 si
1527 532 1615 572 haec
1630 531 1672 571 in

282 601 467 642 animum
503 611 689 642 nostrum
726 601 920 642 inducere
952 601 1228 657 potuissemus
1262 601 1451 648 eredere;
1493 599 1673 640 fatemur

284 669 386 709 nihil
420 669 546 710 fuisse
580 684 728 718 causae,
760 684 835 709 cur
867 668 1040 709 istorum
1072 669 1303 710 societatem
1335 668 1670 723 relinqueremus.

283 737 405 787 Quod
427 747 564 777 autem
587 752 697 777 nunc
714 736 900 787 fecimus,
922 746 970 777 ut
991 737 1293 778 discederemus
1313 737 1365 777 ab
1385 736 1456 777 illa
1471 734 1670 784 Ecclesia,

279 805 399 860 cujus
419 819 576 845 errores
596 804 732 845 testati
753 820 799 845 ac
819 804 1024 846 manifesti
1045 814 1193 856 essent,
1215 820 1395 861 quaeque
1419 804 1506 860 jam
1531 811 1672 859 aperte

279 872 524 913 discessisset
543 887 568 912 a
589 872 714 912 verbo
735 871 831 922 Dei,
854 887 988 928 neque
1010 880 1093 913 tam
1115 873 1168 913 ab
1189 888 1249 922 ea,
1273 887 1398 928 quam
1420 871 1472 912 ab
1492 870 1582 926 ejus
1610 886 1672 911 er-

280 940 456 990 roribus,
479 940 606 996 idque
637 955 719 980 non
751 940 991 981 turbulente
1021 950 1094 982 aut
1123 941 1325 997 improbe,
1350 940 1421 981 sed
1452 938 1671 994 tranquille

279 1024 325 1048 ac
345 1008 529 1049 modeste
549 1008 790 1058 faceremus,
813 1007 916 1048 nihil
936 1017 1009 1049 aut
1034 1024 1059 1049 a
1079 1008 1261 1058 Christo,
1283 1016 1356 1048 aut
1383 1007 1435 1048 ab
1456 1006 1672 1062 Apostolis

278 1076 453 1117 facimus
473 1076 663 1117 alienum.
726 1076 875 1131 Neque
896 1075 1004 1117 enim
1025 1092 1074 1117 ea
1093 1086 1154 1117 est
1175 1076 1362 1117 Ecclesia
1383 1074 1463 1115 Dei
1488 1090 1583 1130 quae
1612 1074 1673 1114 in-

279 1144 430 1185 fuscari
452 1144 542 1186 labe
567 1143 706 1199 aliqua
731 1158 814 1184 non
842 1143 984 1199 possit,
1006 1152 1079 1185 aut
1109 1159 1192 1185 non
1223 1143 1432 1184 interdum
1463 1151 1582 1198 egeat
1611 1140 1671 1181 in-

280 1212 553 1258 stauratione;
597 1211 751 1266 alioqui
781 1210 881 1266 quid
914 1220 976 1252 tot
1005 1211 1251 1252 coitionibus
1281 1220 1322 1252 et
1343 1208 1537 1252 Conciliis
1565 1223 1671 1263 opus

280 1287 354 1329 est,
378 1279 463 1320 sine
483 1279 652 1334 quibus,
673 1288 720 1319 ut
749 1278 806 1319 ait
826 1279 1039 1335 AEgidius,
1062 1289 1167 1321 stare
1197 1280 1300 1320 fides
1322 1277 1557 1320 Christiana
1587 1291 1669 1316 non

279 1349 444 1402 potest?
478 1338 649 1395 Quoties
669 1345 792 1394 enim,
814 1345 965 1401 inquit,
989 1346 1174 1388 Concilia
1188 1346 1533 1393 intermittuntur,
1550 1342 1670 1384 toties

281 1414 466 1455 Ecclesia
485 1430 510 1454 a
531 1414 697 1455 Christo
718 1413 1030 1469 derelinquitur.
1093 1416 1186 1456 Aut
1208 1415 1240 1456 si
1260 1414 1363 1456 nihil
1390 1411 1562 1470 periculi
1592 1420 1668 1460 est,

279 1496 330 1522 ne
350 1481 452 1537 quid
474 1479 660 1521 Ecclesia
681 1480 913 1522 detrimenti
934 1481 1120 1537 accipiat,
1142 1482 1246 1538 quid
1266 1497 1372 1538 opus
1392 1489 1466 1530 est,
1490 1487 1537 1520 ut
1559 1493 1668 1519 nunc

278 1549 448 1604 quidem
479 1558 540 1589 est
569 1547 683 1604 apud
714 1547 827 1598 istos,
848 1548 1038 1590 inanibus
1068 1550 1302 1591 nominibus
1333 1548 1668 1604 Episcoporum?

280 1617 370 1656 Cur
390 1615 498 1656 en'm
521 1615 580 1656 illi
602 1625 785 1672 pastores
806 1615 1084 1672 appellantur,
1107 1618 1139 1658 si
1166 1634 1263 1659 oves
1287 1616 1412 1658 nullae
1444 1623 1554 1666 sunt,
1577 1630 1672 1670 quae

278 1682 435 1738 possint
454 1686 618 1724 errare?
652 1684 741 1724 Cur
757 1683 915 1739 vigileS,
940 1684 971 1724 si
1002 1684 1145 1726 civitas
1175 1685 1291 1726 nulla
1320 1694 1395 1735 est,
1417 1699 1512 1739 quae
1541 1682 1669 1739 possit

277 1750 428 1806 prodi?
462 1752 551 1791 Cur
571 1750 788 1803 columnae,
805 1751 837 1791 si
858 1751 959 1792 nihil
980 1762 1040 1794 est
1061 1753 1175 1809 quod
1196 1753 1323 1810 possit
1342 1755 1486 1794 ruere?
1520 1752 1667 1794 Statim

279 1818 332 1859 ab
353 1817 470 1858 initio
490 1833 628 1859 rerum
650 1818 836 1859 Ecclesia
856 1819 936 1860 Dei
957 1829 1094 1876 coepta
1113 1830 1174 1862 est
1194 1821 1430 1878 propagari,
1452 1836 1582 1876 eaque
1608 1820 1668 1860 in-

279 1894 435 1927 structa
454 1885 607 1927 coelesti
629 1887 767 1937 verbo,
789 1887 903 1942 quod
926 1889 1043 1928 Deus
1069 1888 1156 1945 ipse
1185 1889 1352 1929 fuderat
1382 1888 1434 1929 ab
1464 1904 1534 1929 ore
1565 1903 1664 1935 suo;

280 1954 480 1995 instructa
500 1953 622 1995 sacris
645 1954 910 2006 caeremoniis,
931 1955 1132 1997 instructa
1165 1957 1323 2013 Spiritu
1351 1956 1447 2007 Dei,
1469 1957 1669 1998 instructa

280 2022 531 2063 Patriarchis
552 2031 592 2063 et
615 2022 859 2079 Prophetis;
893 2032 1018 2079 atque
1039 2024 1096 2065 ita
1116 2025 1356 2066 continuata
1375 2033 1435 2065 est
1454 2023 1508 2065 ad
1527 2040 1574 2066 ea
1602 2041 1668 2066 us-

279 2105 362 2145 que
382 2098 581 2146 tempora,
603 2105 699 2130 cum
721 2090 914 2132 Christus
934 2107 1019 2133 sese
1039 2092 1263 2134 ostenderit
1283 2092 1325 2133 in
1347 2108 1481 2134 carne.

340 2157 435 2208 Sed,
457 2174 483 2198 o
513 2159 653 2198 Deum
683 2157 970 2210 immortalem,
997 2160 1158 2215 quoties
1188 2176 1235 2201 ea
1264 2160 1442 2210 interim,
1472 2168 1512 2201 et
1542 2176 1667 2216 quam

281 2224 543 2275 horribiliter,
572 2225 792 2266 obscurata
826 2235 952 2282 atque
984 2227 1201 2269 imminuta
1234 2231 1319 2269 est!
1365 2227 1453 2269 Ubi
1482 2227 1589 2268 enim
1621 2243 1669 2268 ea

281 2301 370 2332 tum
399 2292 493 2343 fuit,
516 2309 610 2334 cum
641 2293 773 2334 omnis
803 2309 898 2335 caro
927 2295 1241 2337 contaminasset
1260 2296 1368 2337 viam
1399 2311 1515 2337 suam
1546 2311 1669 2352 super

282 2363 463 2401 terram?
496 2361 583 2402 Ubi
604 2376 651 2401 ea
670 2360 765 2412 fuit,
790 2377 885 2402 cum
906 2377 957 2402 ex
979 2363 1089 2403 omni
1111 2363 1348 2405 mortalium
1369 2379 1554 2413 numero,
1576 2373 1669 2405 octo

282 2437 442 2470 tantum
463 2438 595 2470 essent
615 2429 814 2480 homines,
837 2438 877 2470 et
898 2445 948 2471 ne
968 2430 1026 2471 illi
1047 2431 1216 2487 quidem
1236 2447 1377 2473 omnes
1397 2431 1509 2482 casti,
1527 2447 1573 2473 ac
1594 2431 1665 2488 pii,

282 2511 387 2551 quos
408 2498 525 2538 Deus
552 2513 577 2538 a
603 2497 810 2538 communi
841 2496 970 2549 clade,
992 2510 1117 2555 atque
1146 2500 1315 2541 interitu
1335 2499 1458 2541 vellet
1486 2515 1572 2540 esse
1601 2515 1667 2540 su-

283 2565 500 2620 perstites?
534 2567 643 2607 Cum
662 2566 777 2607 Elias
798 2567 1009 2623 Propheta
1029 2567 1087 2609 ita
1106 2568 1340 2624 lugubriter
1355 2577 1396 2609 et
1410 2568 1553 2609 acerbe
1569 2583 1667 2623 que-

283 2642 456 2682 reretur,
480 2649 521 2673 se
542 2634 674 2674 solum
695 2649 746 2674 ex
767 2634 879 2675 omni
900 2643 1102 2677 terrarum
1128 2637 1228 2678 orbe
1255 2636 1442 2677 relictum
1471 2651 1570 2685 esse,
1593 2635 1666 2691 qui

286 2701 423 2740 Deum
447 2716 554 2750 vere,
576 2711 617 2741 et
641 2702 716 2742 rite
744 2702 920 2749 coleret;
954 2719 1132 2759 cumque
1162 2703 1308 2745 Esaias
1337 2704 1502 2754 diceret,
1523 2718 1666 2759 argen-

287 2778 373 2809 tum
396 2768 539 2824 populi
562 2769 656 2819 Dei,
680 2769 756 2811 hoc
777 2780 852 2820 est,
874 2771 1084 2823 Ecclesiae,
1106 2773 1261 2813 factum
1287 2787 1370 2813 esse
1398 2771 1592 2819 scoriam3
1626 2782 1665 2813 et
