1799 3077
244 126 328 168 262
570 123 803 164 NOELLI
838 122 1301 164 CATECHISMUS.

244 237 486 288 ascendisse,
517 236 590 278 ubi
622 236 737 293 prius
770 250 939 291 corpore
974 250 1056 276 non
1086 236 1247 284 fuerat3
1281 244 1530 292 terramque,
1560 237 1632 278 ubi

245 306 362 362 prius
385 320 555 361 corpore
574 305 724 354 fuerat,
745 303 968 359 reliquisse.
1029 305 1140 345 Nam
1171 303 1327 345 Divina
1355 312 1516 355 natura,
1538 320 1634 360 quae

246 373 385 415 omnia
403 373 561 429 implet,
579 381 620 413 et
639 372 682 412 in
703 371 815 412 coelis
835 386 994 427 semper
1014 371 1164 422 extitit,
1181 381 1222 413 et
1242 372 1399 423 eadem,
1421 388 1468 413 ac
1489 372 1635 429 spiritu

250 459 324 483 suo
343 441 364 470 k
378 440 574 482 Ecclesiae
597 456 681 481 suae
702 454 862 495 semper
878 438 920 480 in
942 439 1059 480 terris
1079 456 1260 496 praesens
1275 440 1404 491 adest,
1421 440 1637 497 aderitque

249 525 383 567 usque
403 509 458 551 ad
477 508 623 550 mundi
643 507 964 548 dissolutionem.

309 579 373 619 M.
417 577 559 618 Aliam
594 591 693 631 ergo
729 574 970 616 Divinitatis
1003 575 1092 632 ejus
1125 575 1340 627 rationem,
1371 575 1640 617 humanitatis

251 646 373 689 aliam
394 661 481 686 esse
500 643 631 685 dicis?

309 716 365 756 A.
398 713 519 762 Dico,
542 713 803 767 Praeceptor;
837 726 972 767 neque
1001 710 1109 751 enim
1140 719 1214 751 aut
1232 710 1285 752 de
1305 711 1394 767 ejus
1414 710 1643 752 Divinitate

252 798 417 839 corpus,
448 790 522 822 aut
552 780 603 821 de
633 778 742 820 illius
774 794 944 835 corpore
978 780 1119 820 Deum
1148 779 1334 820 facimus.
1397 781 1505 821 Haec
1534 779 1643 820 enim

253 851 413 892 lereata
428 858 502 900 est,
519 848 589 889 illa
608 847 800 895 minime;
831 847 937 889 hanc
958 847 999 889 in
1020 847 1169 888 coelum
1192 857 1460 904 assumptam,
1476 848 1519 888 in
1540 847 1644 889 coelo

256 928 491 964 mmanere3
524 916 636 957 illam
666 925 805 956 autem
834 915 889 956 sic
911 925 931 944 Π
946 915 1100 971 ubique
1130 931 1230 967 esse,
1252 923 1300 956 ut
1320 915 1470 957 coelum
1498 925 1539 958 et
1564 916 1660 957 ter-v

256 1001 344 1027 ram
364 985 548 1042 impleat,
572 993 777 1026 testantur
795 999 919 1025 sacrae
943 984 1180 1040 Scripturae.

316 1056 380 1096 M.
429 1054 596 1103 Verum,
627 1067 679 1093 an
714 1051 854 1108 aliquo
886 1051 1011 1093 modo
1045 1067 1216 1108 corpore
1249 1060 1493 1108 praesentem
1529 1050 1648 1092 nobis

259 1124 400 1166 adesse
422 1121 636 1164 Christum
657 1120 789 1161 dicis?

317 1194 373 1233 A.
409 1190 453 1232 Si
482 1205 633 1246 magna
662 1188 800 1245 parvis
825 1203 1069 1245 componere
1098 1187 1205 1239 licet,
1229 1187 1284 1230 sic
1315 1187 1470 1229 Christi
1500 1202 1650 1243 corpus

260 1274 441 1318 praesens
460 1257 577 1299 adest
600 1265 750 1297 nostrae
770 1256 881 1307 fidei,
904 1266 951 1297 ut
979 1255 1037 1297 sol
1067 1271 1162 1297 cum
1193 1255 1387 1305 cernitur,
1409 1255 1525 1296 adest
1554 1270 1651 1295 ocu-

262 1329 326 1376 lo:,
360 1327 476 1369 nulla
495 1325 604 1367 enim
625 1340 703 1375 res,
725 1341 819 1381 quae
851 1325 928 1366 sub
959 1340 1101 1366 sensus
1120 1324 1246 1375 cadit,
1267 1324 1321 1365 ad
1341 1323 1649 1365 similitudinem

265 1395 432 1438 Christo
461 1393 634 1451 propius
662 1392 832 1443 accedit,
863 1407 987 1448 quam
1022 1392 1105 1439 sol;
1138 1391 1211 1448 qui
1241 1407 1336 1432 cum
1366 1390 1515 1432 coelum
1548 1405 1651 1431 sem-

263 1478 338 1519 per
359 1470 545 1517 occupet,
562 1468 604 1500 et
622 1459 797 1515 proinde
817 1459 984 1500 oculum
1005 1475 1147 1500 revera
1167 1475 1249 1500 non
1271 1459 1496 1514 contingat,
1513 1466 1650 1499 tamen

264 1546 413 1587 corpus
434 1529 528 1570 solis
548 1543 729 1585 praesens
749 1527 932 1583 aspectui
953 1527 1083 1578 adest,
1100 1527 1199 1567 nihil
1216 1527 1260 1568 id
1275 1526 1525 1583 impediente
1538 1534 1653 1566 tanta

265 1598 469 1640 intervalli
499 1596 703 1638 distantia.
767 1595 833 1637 Sic
856 1595 1010 1637 Christi
1036 1611 1201 1652 corpus,
1223 1595 1338 1651 quod
1368 1595 1457 1651 ejus
1483 1609 1652 1636 ascensu

266 1667 385 1709 nobis
414 1666 624 1707 sublatum
654 1673 729 1715 est,
750 1672 769 1691 ⁰
783 1663 981 1720 quodque
1007 1663 1173 1719 reliquit
1199 1662 1419 1713 mundum,
1441 1671 1482 1703 et
1502 1662 1555 1703 ad
1575 1663 1656 1703 Pa-

268 1746 372 1777 trem
394 1735 508 1784 abiit,
530 1733 715 1774 sensibus
735 1732 905 1788 quidem
934 1732 1083 1773 nostris
1109 1732 1247 1779 abest;
1282 1731 1408 1772 Fides
1428 1740 1563 1772 tamen
1584 1746 1657 1771 no-

270 1814 354 1846 stra
373 1813 393 1841 P
408 1811 592 1844 versatur
612 1801 654 1841 in
673 1800 790 1850 coelo,
813 1808 939 1855 atque
959 1800 1144 1841 intuetur
1169 1799 1294 1840 solem
1324 1798 1440 1839 illum
1465 1799 1654 1855 justitiae,

270 1889 317 1914 ac
337 1886 516 1928 praesens
535 1868 728 1926 praesenti
747 1869 790 1909 in
809 1867 913 1909 coelo
928 1883 1023 1909 vere
1042 1868 1172 1918 adest,
1190 1876 1238 1909 ut
1254 1867 1365 1908 visus
1385 1876 1521 1908 noster
1541 1867 1657 1908 adest

271 1939 432 1997 corpori
453 1938 547 1980 solis
566 1937 609 1978 in
629 1936 747 1987 coelo,
769 1945 842 1977 aut
863 1935 922 1976 sol
941 1935 983 1976 in
1004 1936 1122 1977 terris
1140 1944 1280 1976 nostro
1300 1935 1417 1976 visui.
1450 1936 1658 1976 Praeterea

271 2024 384 2059 vero,
406 2004 759 2063 quemadmodum
783 2003 851 2044 Sol
871 2003 1025 2044 lumine
1056 2019 1130 2044 suo
1162 2004 1285 2044 rebus
1316 2002 1508 2043 omnibus
1527 2000 1658 2051 adest,

274 2077 330 2119 sic
350 2075 471 2117 etiam
493 2084 534 2116 et
556 2072 746 2115 Christus
767 2071 1011 2122 Divinitate‚
1034 2070 1207 2127 Spiritu,
1229 2080 1354 2127 atque
1381 2069 1565 2127 potentia
1586 2084 1660 2110 sua

275 2155 295 2184 q
309 2159 488 2203 praesens
506 2142 622 2183 adest
642 2140 847 2190 omnibus,
868 2148 994 2195 atque
1013 2139 1151 2180 omnia
1170 2139 1358 2195 complet.

334 2214 398 2254 M.
431 2213 460 2252 J
464 2226 531 2252 am
551 2208 665 2265 quod
685 2208 738 2249 ad
761 2207 974 2249 Christum
993 2207 1153 2257 attinet,
1171 2206 1272 2262 quid
1294 2205 1552 2263 potissimum
1574 2219 1662 2261 spe-

278 2292 362 2324 ctas
382 2280 424 2321 in
444 2279 534 2335 ejus
554 2293 737 2325 ascensu,
755 2275 1013 2332 sessioneque
1033 2275 1086 2316 ad
1109 2276 1318 2316 dexteram
1342 2273 1506 2315 Patris?

336 2352 391 2391 A.
424 2350 508 2389 Par
537 2355 625 2389 erat
656 2354 702 2387 ut
733 2344 937 2395 Christus,
970 2344 1042 2401 qui
1071 2360 1095 2385 a
1128 2353 1315 2384 rsummo
1344 2341 1509 2383 honoris
1538 2351 1663 2397 atque

324 2505 338 2525 ¹⁴
364 2506 445 2536 Mat.
462 2504 550 2535 xviii.
569 2513 619 2534 20.
643 2502 753 2532 xxviii.
772 2510 820 2531 20.
946 2499 953 2520 ¹
977 2500 1064 2531 Esai.
1083 2501 1138 2530 vii.
1156 2509 1203 2537 14.
1229 2501 1311 2530 Mat.
1330 2499 1352 2529 i.
1368 2508 1398 2537 2,
1418 2507 1468 2537 23.
1491 2497 1571 2527 Luc.
1587 2497 1618 2527 ii.
1634 2503 1664 2536 7,

283 2569 337 2597 40,
356 2569 407 2599 52.
428 2548 560 2588 domni.
574 2568 608 2596 3,
629 2566 677 2595 ¹4-
703 2557 774 2588 Gal.
791 2557 834 2587 iv.
851 2564 882 2593 4.
1000 2559 1023 2572 ¹¹¹
1048 2554 1149 2584 Marc.
1166 2553 1230 2583 xvi.
1247 2562 1296 2593 19.
1320 2553 1397 2582 Luc.
1415 2551 1501 2581 xxiv.
1518 2559 1570 2590 51.
1593 2549 1665 2579 Act.

284 2614 305 2643 i.
319 2622 351 2651 9,
371 2622 419 2642 10.
440 2612 484 2641 iii.
504 2621 553 2641 21.
578 2611 694 2650 Ephes.
711 2611 754 2641 iv.
773 2619 823 2640 10.
889 2615 904 2629 ¹¹
926 2608 1022 2638 Joan.
1038 2608 1059 2638 i.
1074 2616 1105 2646 3.
1129 2607 1193 2637 xvi.
1214 2614 1261 2646 15.
1288 2615 1299 2636 1
1316 2607 1389 2636 Cor.
1405 2615 1458 2635 xv·
1475 2604 1524 2633 28.
1549 2603 1666 2642 Ephes-

285 2665 308 2695 i.
325 2674 376 2703 23.
400 2664 470 2694 Col.
486 2664 506 2693 i.
525 2663 573 2700 16,
594 2672 641 2702 17.
781 2670 794 2682 ⁰
816 2664 910 2693 Joan.
923 2662 987 2692 xiv.
1006 2670 1054 2702 19.
1079 2661 1143 2690 xvi.
1163 2669 1213 2697 10,
1232 2660 1282 2690 28.
1415 2664 1430 2684 Ρ
1452 2659 1525 2688 Act.
1541 2656 1597 2686 vii.
1614 2664 1667 2696 55.

287 2719 358 2749 Col.
376 2717 422 2747 iii.
439 2727 464 2747 1.
489 2716 571 2747 Heb.
588 2717 631 2746 iv.
650 2716 697 2747 16.
721 2726 748 2745 x.
767 2725 818 2747 22.
841 2716 885 2747 xi.
905 2725 934 2753 ι,
953 2722 983 2755 5.
1071 2721 1085 2740 ‘1
1110 2715 1192 2744 Mat.
1209 2711 1320 2743 xxviii.
1339 2721 1389 2742 20.
1417 2720 1429 2742 1
1452 2711 1527 2741 Cor.
1543 2719 1597 2740 xv.
1617 2708 1668 2740 28.

290 2772 403 2811 Ephcs.
422 2771 443 2801 i.
464 2780 512 2808 23.
533 2770 604 2800 Col.
622 2769 642 2799 i.
660 2777 710 2808 17,
733 2769 779 2799 18.
910 2775 921 2789 ¹
943 2768 1022 2799 Phil.
1042 2768 1074 2798 ii.
1092 2766 1125 2804 6,
1145 2774 1175 2807 7,
1192 2767 1224 2798 8.
