1799 3077
450 103 674 145 NOELLI
708 101 1170 144 CATECHISMUS.
1418 106 1501 148 209

118 224 209 258 cata
227 216 270 257 in
292 216 409 258 terris
428 216 486 257 illi
506 231 581 273 per
608 216 689 257 Dei
710 215 883 257 verbum
914 215 1200 266 condonarint,
1222 215 1287 257 vel
1317 214 1502 258 detinue-

116 283 213 333 rint,
234 299 282 325 ea
301 284 366 325 vel
386 284 631 334 condonata,
655 283 719 324 vel
740 283 907 325 detenta
927 293 1060 324 essent
1079 283 1120 323 in
1142 282 1259 324 coelo.

175 353 241 392 M.
275 354 347 393 An
367 352 465 393 istos
485 352 581 393 satis
600 361 661 393 est
682 351 804 392 semel
833 353 884 393 de
912 351 1131 408 Religione
1160 350 1402 393 disserentes
1431 368 1502 393 au-

116 419 276 461 divisse.

172 488 228 527 A.
260 485 450 528 lChristi
484 502 558 528 nos
591 487 814 544 discipulos
851 502 980 544 usque
1015 487 1068 528 ad
1098 487 1236 537 finem,
1267 486 1332 527 vel
1363 486 1502 542 potius

115 554 200 595 sine
220 555 301 596 fine
321 571 406 596 esse
426 564 600 611 oportet.
662 557 820 596 Parum
842 565 902 596 est
931 571 1029 611 ergo
1055 554 1283 611 incoepisse,
1305 554 1381 595 nisi
1411 570 1502 610 per-

115 638 284 664 severes.
345 625 406 664 Et
432 639 526 679 quae
554 634 694 664 nostra
723 632 784 664 est
804 623 1023 664 mtarditas
1051 632 1177 679 atque
1206 623 1372 674 oblivio,
1393 638 1501 679 saepe

114 691 289 733 docendi
331 701 456 747 atque
497 691 745 732 admonendi
789 707 945 742 sumus,
987 690 1258 732 extimulandi
1297 706 1419 747 saepe,
1460 700 1502 732 et

115 759 233 814 quasi
252 758 423 799 auribus
443 758 658 799 vellicandi
676 775 687 807 3
722 759 844 799 semel
866 759 989 809 enim,
1008 768 1081 800 aut
1101 774 1195 800 raro
1210 759 1365 810 audita,
1383 759 1501 808 facile

113 826 301 867 excidere
329 825 470 867 solent.
529 827 589 868 Et
618 842 707 868 eam
738 827 792 868 ob
822 842 986 868 causam
1010 829 1077 880 (ut
1107 838 1201 868 ante
1231 827 1387 869 dictum
1418 831 1498 883 est)

114 903 135 923 ¹¹
150 894 321 951 singulis
340 894 519 936 sabbatis
542 895 666 948 (sicut
693 910 745 936 ex
773 894 951 936 historiis
981 896 1103 936 sacris
1131 898 1322 952 apparet)
1345 897 1501 938 conflu-

114 972 207 1004 ente
237 962 359 1003 simul
388 962 669 1013 multitudine,
694 962 910 1019 legebatur
939 963 1104 1019 publice
1130 963 1304 1004 verbum
1322 964 1431 1014 Dei,
1460 976 1501 1006 et

112 1031 203 1087 ejus
222 1031 479 1086 interpretes,
502 1030 534 1071 si
554 1030 626 1086 qui
647 1032 847 1081 adessent,
870 1031 1156 1072 audiebantur.
1210 1033 1316 1082 Quae
1332 1046 1501 1072 consue-

114 1097 233 1148 tudo,
255 1108 296 1138 et
316 1098 358 1138 in
379 1098 526 1139 nostris
544 1098 667 1139 hodie
687 1097 879 1139 Ecclesiis
898 1114 950 1140 ex
971 1098 1214 1155 Apostolica
1233 1099 1419 1155 adeoque
1439 1098 1499 1139 di,

112 1165 208 1206 vina
227 1166 483 1208 ordinatione
502 1175 563 1208 est
582 1176 760 1223 recepta.

170 1235 234 1275 M.
269 1236 333 1275 An
374 1250 472 1291 ergo
501 1235 675 1276 verbum
711 1235 792 1276 Dei
825 1235 1043 1293 peregrina
1076 1234 1233 1292 lingua,
1264 1245 1305 1276 et
1341 1235 1498 1292 populo

113 1302 254 1359 ignota
274 1303 495 1359 legendum
516 1318 602 1344 esse
622 1305 791 1344 censes?

169 1373 224 1412 A.
263 1371 316 1412 Id
351 1386 449 1412 vero
486 1381 591 1412 esset
631 1372 770 1412 Deum
810 1370 977 1427 pariter,
1011 1380 1138 1427 atque
1171 1371 1260 1427 ejus
1293 1371 1496 1428 populum

109 1454 240 1480 crasse
259 1439 442 1489 irridere,
463 1448 589 1495 atque
610 1448 788 1495 utroque
808 1438 1071 1495 impudenter
1090 1439 1218 1479 abuti.
1270 1441 1379 1480 Nam
1400 1456 1495 1481 cum

109 1509 228 1548 Deus
248 1507 421 1548 verbum
443 1521 564 1547 suum
585 1507 696 1547 omni
717 1506 829 1547 aetati
849 1515 867 1534 0
880 1516 1006 1562 atque
1027 1506 1142 1547 sexui
1161 1506 1268 1547 clare
1287 1506 1366 1563 legi
1383 1523 1496 1549 man-

110 1576 195 1626 det,
219 1583 266 1616 ut
286 1590 426 1615 omnes
447 1574 636 1615 videlicet
654 1574 899 1630 intelligant,
920 1583 961 1615 et
990 1574 1149 1615 discant
1179 1575 1321 1616 timere
1351 1576 1497 1617 Domi-

110 1659 213 1685 num
234 1644 374 1684 Deum
395 1657 532 1692 suum,
557 1642 675 1684 sicuti
695 1642 782 1698 ipse
802 1642 844 1682 in
865 1642 991 1683 verbo
1012 1658 1087 1683 suo
1113 1642 1264 1684 diserte
1295 1653 1493 1692 testatur;

108 1711 328 1753 ridiculum
351 1726 445 1751 cum
466 1709 608 1766 primis
635 1719 751 1760 esset,
775 1710 946 1750 verbum
978 1709 1059 1750 Dei
1089 1710 1142 1750 ad
1173 1711 1262 1766 ejus
1291 1712 1495 1767 populum

108 1779 341 1821 docendum
362 1778 414 1819 ab
442 1778 531 1834 ipso
561 1779 654 1818 Deo
684 1778 949 1828 destinatum,
970 1778 1127 1834 populo
1156 1778 1299 1834 lingua
1327 1779 1405 1835 ipsi
1434 1780 1494 1820 in-

109 1846 287 1903 cognita,
308 1845 419 1886 unde
439 1845 541 1886 nihil
562 1845 716 1886 discere
737 1845 907 1901 possint,
928 1845 1162 1901 praelegere.
1214 1846 1294 1886 Sed
1316 1855 1357 1887 et
1372 1846 1494 1887 divus

109 1915 267 1957 Paulus
287 1915 339 1955 de
359 1929 405 1954 ea
426 1929 469 1954 re
490 1914 596 1954 clare
617 1913 802 1961 disserit;
836 1922 855 1951 P
870 1912 1011 1968 itaque
1034 1913 1257 1964 concludit,
1279 1913 1493 1955 indoctum

105 1983 310 2041 populum
340 1997 423 2023 non
452 1997 570 2038 posse
599 1981 846 2037 respondere
878 1983 1032 2031 Amen,
1062 1981 1116 2021 ad
1146 1996 1235 2021 eam
1264 1981 1491 2037 gratiarum

104 2051 319 2100 actionem,
341 2065 466 2106 quam
487 2065 568 2090 non
593 2049 822 2104 intelligat;
856 2048 928 2089 sed
957 2047 1175 2104 legentem,
1196 2048 1493 2104 audientesque

106 2128 254 2159 mutuo
274 2117 350 2159 sibi
370 2118 598 2158 qbarbaros
624 2117 803 2167 futuros,
827 2116 859 2157 si
890 2116 992 2172 quid
1022 2115 1064 2156 in
1094 2125 1204 2157 coetu
1235 2116 1287 2157 sit
1315 2116 1489 2166 dictum,

106 2185 220 2242 quod
250 2200 332 2226 non
362 2186 414 2226 ab
444 2185 507 2226 his
537 2185 610 2241 qui
640 2185 858 2234 intersunt,
890 2184 1163 2240 percipiatur3
1207 2190 1357 2240 rseque
1387 2184 1491 2225 adeo

105 2253 225 2294 malle
245 2253 287 2294 in
310 2253 491 2294 Ecclesia
511 2253 591 2294 Dei
618 2253 804 2309 quinque
824 2252 950 2293 verba
978 2251 1185 2293 intellecta
1213 2251 1341 2307 loqui,
1363 2267 1488 2308 quam

106 2321 245 2362 decem
269 2321 395 2362 millia
415 2337 495 2362 non
517 2321 737 2362 intellecta.

163 2391 230 2430 M.
264 2390 422 2431 Satisne
440 2405 539 2446 ergo
563 2403 732 2429 munere
760 2396 899 2429 nostro
928 2387 1114 2428 defuncti
1143 2386 1308 2437 erimus,
1331 2387 1363 2427 si
1393 2403 1488 2444 ope-

149 2521 156 2542 ¹
175 2523 257 2553 Mat.
274 2532 306 2552 x.
323 2532 373 2553 22.
391 2527 424 2553 et
438 2522 527 2552 xxiv.
543 2531 590 2560 13.
619 2522 697 2552 Luc.
712 2521 756 2551 ix.
774 2521 827 2552 62.
850 2521 945 2551 Rom.
961 2521 1003 2550 xi.
1025 2530 1074 2552 22.
1103 2531 1113 2551 1
1134 2521 1208 2551 Cor.
1224 2521 1267 2552 ix.
1287 2530 1337 2559 24.
1364 2531 1380 2552 2
1397 2522 1485 2553 Tim.

106 2576 153 2606 iii.
174 2585 222 2614 14.
353 2582 375 2596 ‘¹¹
390 2576 497 2606 Judic.
514 2575 562 2606 iii.
579 2583 607 2615 7.
652 2575 737 2606 Psal.
755 2574 814 2605 cvi.
833 2582 863 2613 7,
885 2583 932 2611 14.
980 2575 1070 2605 Hier.
1087 2575 1120 2605 ii.
1135 2584 1188 2614 32.
1233 2575 1312 2606 Luc.
1328 2575 1416 2605 xxiv.
1435 2585 1486 2616 25.

106 2636 122 2650 ¹¹
136 2631 208 2660 Act.
221 2630 290 2660 xiii.
309 2638 358 2669 15,
382 2638 431 2669 27.
450 2635 482 2660 et
497 2640 549 2660 xv.
569 2638 619 2659 21.
769 2635 784 2649 ⁰
802 2628 897 2658 Deut.
914 2627 956 2658 iv.
975 2638 1022 2659 10.
1070 2629 1165 2660 Dent.
1183 2629 1273 2659 xxxi.
1296 2639 1346 2666 11,
1368 2639 1418 2665 12,
1438 2640 1487 2668 13.

106 2685 216 2714 Josue.
234 2684 298 2714 viii.
313 2692 365 2723 35.
413 2693 429 2714 2
446 2683 641 2714 Par..xxxiv.
655 2692 708 2721 30.
803 2688 817 2708 Ρ
837 2691 848 2711 1
870 2682 944 2712 Cor.
962 2683 1025 2713 xiv.
1047 2682 1096 2714 16.
1193 2690 1207 2710 ⁴³
1229 2693 1239 2713 1
1261 2684 1334 2713 Cor.
1352 2684 1417 2714 xiv.
1439 2693 1449 2713 1
1461 2693 1486 2715 ι,

109 2743 119 2756 f
140 2746 150 2765 1
170 2737 243 2767 Cor.
261 2737 325 2767 xiv.
346 2747 392 2776 19.

167 2803 260 2829 VOL.
286 2803 316 2829 Ι.
808 2801 828 2826 Ρ
