1799 3077
89 269 122 297 in
132 269 237 297 eodem
247 272 292 297 et·-

90 312 150 340 iam
164 312 268 348 Libro,

89 354 210 383 disertis
228 364 294 383 ver-

90 397 138 426 bis
154 399 294 427 affirmet.

102 2443 262 2473 Eusebius.

309 149 394 189 158
706 149 935 191 JUELLI
969 149 1301 192 APOLOGIA.

305 260 422 302 labor
436 261 509 318 qui
526 261 747 318 Scripturis
762 262 1028 318 impenditur.
1063 263 1277 320 Scriptura
1290 263 1399 304 enim
1413 272 1602 304 creatura
1616 274 1690 314 est,

306 337 347 370 et
376 344 553 384 egenum
588 329 800 384 quoddam
834 329 1096 371 elementum.
1158 332 1265 372 Haec
1302 330 1484 371 Hosius:
1528 330 1691 371 Eodem

306 412 474 453 prorsus
498 397 655 453 Spiritu
676 407 802 453 atque
822 397 973 447 animo,
996 413 1081 453 quo
1101 398 1198 439 olim
1222 400 1466 448 Montanus,
1488 407 1561 439 aut
1577 399 1694 439 Mar-

306 464 412 514 cion,
439 479 543 520 quos
569 463 686 505 aiunt
714 464 852 505 solitos
881 480 967 505 esse
998 465 1146 513 dicere,
1169 481 1262 506 cum
1297 481 1428 507 sacras
1461 467 1694 521 Scripturas

306 532 574 588 contemptim
594 532 875 588 repudiarent,
899 547 940 572 sc
960 532 1092 574 multo
1113 542 1154 573 et
1173 533 1308 589 plura,
1331 544 1371 574 et
1392 533 1559 574 meliora
1578 533 1693 584 scire,

307 614 433 655 quam
460 610 533 641 aut
561 600 752 641 Christus
783 615 968 655 unquam
1000 600 1180 642 scivisset
1209 610 1283 642 aut
1312 601 1520 656 Apostoli.
1580 601 1693 651 Quid

306 682 406 723 ergo
427 667 491 708 hic
511 668 675 708 dicam?
709 668 746 708 Ο
767 667 972 708 calumnia
991 668 1222 724 religionis!
1258 670 1295 711 O
1325 668 1520 725 praesides
1549 668 1692 709 Eccle-

306 733 375 775 siae
398 734 550 775 Christi
569 737 577 774 ἰ
611 736 682 775 An
703 735 792 776 haec
814 750 861 775 ea
880 736 1108 776 reverentia
1128 744 1263 777 vestra
1282 745 1356 786 est,
1380 751 1505 792 quam
1525 735 1693 777 adhibe-

306 802 357 843 tis
378 802 504 843 verbo
535 802 646 843 Dei?
683 804 755 843 An
786 818 861 844 nos
891 819 1023 844 sacras
1055 804 1301 860 Scripturas,
1323 821 1425 861 quas
1455 806 1511 846 D.
1535 803 1693 845 Paulus

306 870 363 911 ait
383 870 580 911 divinitus
600 870 755 912 afflatas
776 887 875 923 esse,
899 887 1003 928 quas
1024 873 1141 913 Deus
1162 882 1223 914 tot
1242 873 1448 914 miraculis
1463 871 1691 921 illustrarit,

306 939 348 979 in
379 939 532 994 quibus
563 938 718 980 Christi
746 939 875 995 ipsius
904 940 1128 981 certissima
1158 941 1330 997 vestigia
1363 941 1560 997 impressa
1595 940 1690 990 sint,

308 1022 412 1063 quas
431 1022 572 1047 omnes
599 1007 725 1048 sancti
747 1009 904 1059 Patres,
927 1024 1030 1064 quas
1051 1008 1259 1064 Apostoli,
1281 1025 1383 1064 quas
1404 1008 1568 1064 Angeli,
1589 1024 1693 1064 quas

310 1075 502 1116 Christus
521 1075 607 1131 ipse
629 1075 761 1116 Filius
783 1075 864 1116 Dei
884 1091 979 1116 cum
1000 1092 1106 1132 opus
1133 1086 1250 1126 esset,
1272 1092 1348 1133 pro
1379 1076 1611 1117 testimonio
1640 1076 1695 1117 ci-

308 1143 419 1193 tarit,
441 1158 493 1183 an
515 1159 581 1184 eas
601 1159 687 1194 vos,
708 1143 825 1199 quasi
845 1144 1026 1200 indignae
1047 1143 1126 1185 sint
1147 1160 1242 1200 quae
1269 1161 1293 1185 a
1312 1145 1429 1186 vobis
1455 1143 1692 1193 audiantur,

308 1211 505 1252 facessere
519 1211 749 1267 jubebitis?
781 1212 859 1253 hoc
880 1221 954 1264 est,
978 1213 1070 1253 Deo
1090 1213 1181 1269 ipsi,
1204 1213 1276 1269 qui
1297 1213 1413 1254 vobis
1439 1213 1480 1253 in
1511 1211 1696 1268 Scriptu-

309 1279 365 1321 ris
385 1279 603 1320 clarissime
632 1279 830 1335 loquitur,
854 1279 1060 1321 silentium
1090 1281 1338 1336 imponetis?
1379 1289 1452 1321 aut
1481 1279 1585 1320 illud
1606 1295 1695 1320 ver-

308 1348 425 1397 bum,
448 1363 532 1403 quo
555 1363 651 1397 uno,
675 1357 722 1388 ut
747 1347 905 1388 Paulus
936 1348 1007 1398 ait,
1030 1349 1339 1390 reconciliamur
1369 1350 1475 1398 Deo,
1498 1348 1695 1404 quodque

311 1415 523 1471 Propheta
553 1414 692 1455 David
723 1415 780 1455 ait
811 1424 1012 1466 sanctum,
1044 1424 1083 1456 et
1114 1426 1272 1457 castum
1303 1432 1402 1466 esse,
1434 1424 1474 1456 et
1503 1415 1545 1456 in
1575 1431 1696 1456 omne

311 1493 475 1540 tempus
502 1499 587 1524 esse
614 1483 879 1533 duraturum,
902 1499 1077 1539 egenum
1108 1493 1285 1535 tantum,
1309 1493 1349 1525 et
1379 1493 1589 1525 mortuum
1620 1484 1698 1524 ele-

310 1564 496 1593 mentum
518 1551 805 1608 appellabitis?
838 1553 932 1592 Aut
951 1551 993 1592 in
1014 1568 1076 1602 eo,
1099 1553 1212 1608 quod
1232 1553 1422 1594 Christus
1438 1567 1512 1592 nos
1527 1552 1698 1607 diligen-

311 1630 373 1661 ter
394 1620 581 1670 scrutari,
603 1620 801 1675 quodque
821 1619 862 1660 in
883 1620 1012 1661 oculis
1032 1620 1194 1661 assidue
1214 1621 1365 1661 habere
1379 1620 1517 1676 jussit,
1534 1635 1699 1661 omnem

311 1697 491 1729 nostram
532 1703 700 1743 operam
739 1687 882 1728 dicetis
921 1688 1075 1729 frustra
1106 1688 1324 1729 collocari?
1369 1691 1429 1730 Et
1469 1687 1697 1738 Christum,

312 1756 637 1813 Apostolosque,
659 1771 754 1797 cum
775 1756 1040 1797 hortarentur
1068 1756 1271 1812 populum
1303 1757 1356 1797 ad
1387 1772 1518 1797 sacras
1547 1755 1698 1805 literas,

314 1836 362 1867 ut
382 1842 433 1867 ex
453 1825 532 1866 illis
552 1825 812 1865 abundarent
831 1824 873 1864 in
894 1824 1005 1865 omni
1027 1824 1238 1880 sapientia,
1261 1834 1300 1865 et
1323 1824 1502 1874 scientia,
1524 1823 1700 1864 voluisse

314 1892 550 1933 hominibus
570 1892 713 1933 fucum
735 1892 898 1932 facere?
931 1892 1027 1931 Non
1049 1900 1109 1932 est
1129 1891 1294 1942 mirum,
1313 1891 1344 1932 si
1359 1891 1425 1931 isti
1441 1906 1528 1940 nos,
1545 1901 1701 1931 nostra-

315 1976 398 2015 que
424 1960 561 2001 onmia
587 1969 864 2009 contemnant,
886 1959 959 2015 qui
990 1961 1130 2000 Deum
1160 1960 1311 2016 ipsum,
1334 1960 1506 2016 ejusque
1536 1959 1702 2000 oracula

314 2028 373 2069 ita
401 2028 518 2084 parvi
548 2028 710 2069 faciant.
772 2027 984 2068 Insulsum
1015 2038 1151 2068 tamen
1182 2036 1282 2078 erat,
1310 2036 1358 2068 ut
1386 2042 1461 2068 nos
1490 2026 1700 2077 laederent,

314 2096 507 2152 injuriam
529 2112 597 2137 eos
619 2106 702 2138 tam
723 2111 890 2152 gravem
912 2096 1044 2137 facere
1060 2097 1186 2137 verbo
1207 2096 1299 2136 Dei.

375 2166 537 2205 Tamen
568 2164 685 2220 quasi
714 2164 792 2205 hoc
822 2179 970 2220 parum
1000 2174 1117 2214 esset,
1139 2164 1390 2204 comburunt
1419 2163 1541 2204 etiam
1572 2178 1702 2204 sacro-

317 2241 475 2273 sanctas
498 2232 745 2288 Scripturas,
767 2241 815 2273 ut
834 2231 929 2272 olim
957 2231 1108 2287 impius
1135 2247 1207 2271 rex
1229 2233 1337 2282 Aza,
1358 2240 1430 2272 aut
1450 2230 1700 2281 Antiochus,

317 2309 390 2341 aut
413 2300 685 2349 Maximinus,
708 2315 858 2355 easque
879 2299 1165 2340 haereticorum
1194 2299 1320 2340 libros
1349 2299 1584 2355 appellant;
1617 2313 1703 2338 om-

318 2368 499 2423 ninoque
526 2368 569 2408 id
590 2368 783 2409 videntur
800 2368 904 2408 velle
933 2368 1080 2417 facere,
1102 2368 1217 2422 quod
1245 2367 1342 2408 olim
1375 2366 1579 2416 Herodes,
1601 2366 1705 2407 obti-

320 2435 467 2476 nendae
487 2435 683 2491 potentiae
705 2451 789 2476 suae
810 2451 945 2486 causa,
967 2435 1009 2475 in
1036 2436 1065 2475 J
1070 2435 1191 2476 udaea
1220 2435 1327 2476 fecit.
1391 2436 1435 2475 Is
1464 2434 1586 2484 enim,
1609 2448 1704 2474 cum

321 2514 425 2543 esset
446 2503 676 2553 Idumaeus,
697 2503 854 2544 alienus
874 2519 898 2544 a
919 2503 1044 2559 stirpe
1063 2513 1104 2544 et
1125 2503 1323 2558 sanguine
1350 2504 1379 2543 J
1384 2503 1612 2550 udaeorum,
1636 2501 1707 2540 ha-

320 2570 408 2611 beri
430 2580 565 2611 tamen
586 2580 755 2627 cuperet
775 2587 851 2627 pro
872 2572 901 2611 J
907 2571 1040 2621 udaeo,
1063 2587 1147 2626 quo
1168 2570 1299 2626 magis
1324 2585 1498 2626 regnum
1525 2568 1703 2617 illorum,

321 2638 436 2694 quod
456 2639 509 2679 ab
531 2640 728 2695 Augusto
751 2641 912 2681 Caesare
932 2639 1236 2695 impetraverat,
1260 2638 1333 2678 sibi
1354 2636 1607 2693 posterisque
1624 2635 1707 2675 suis

322 2706 595 2755 confirmaret,
617 2722 757 2747 omnes
780 2706 1052 2762 genealogias,
1074 2722 1169 2762 quae
1198 2705 1311 2761 apud
1342 2705 1431 2744 illos
1460 2704 1501 2743 in
1532 2703 1707 2743 archivis

324 2773 376 2813 ab
399 2773 791 2827 Abrahamousque
811 2773 1030 2826 diligenter
1050 2773 1211 2812 fuerant
1233 2779 1462 2819 asservatae,
1485 2779 1523 2810 et
1546 2785 1596 2810 ex
1617 2769 1708 2824 qui-
