1799 3077
648 154 950 196 RIDLEII.
1427 159 1482 199 53

94 266 359 323 Hieronymi,
389 266 691 321 Chrysostomi,
723 266 969 323 Augustini,
993 267 1147 324 Vigilii,
1178 270 1396 319 Bertrami,
1425 279 1483 311 at-

92 350 175 391 que
204 334 377 375 aliorum
408 334 778 376 vetustissimorum
810 343 992 390 patrum,
1021 350 1201 391 quorum
1232 337 1369 377 omnia
1397 336 1484 378 loca

93 402 134 443 in
170 402 276 443 hanc
309 402 552 444 sententiam
588 402 669 443 scio
702 417 767 443 me
798 402 957 458 legisse,
993 412 1034 444 et
1064 403 1264 445 librorum
1298 419 1481 444 meorum

92 484 283 510 concessa
302 469 420 525 copia
443 485 562 526 posse
589 479 922 520 commonstrare,
944 470 1071 526 idque
1102 472 1179 512 sub
1209 470 1392 527 periculo
1421 487 1484 511 ca-

91 535 189 592 pitis
210 535 305 587 mei,
328 544 369 577 et
389 536 616 578 amissionis
636 537 820 578 omnium
843 553 938 593 quae
958 537 1000 578 in
1021 537 1099 579 hoc
1120 538 1278 579 mundo
1297 537 1482 579 amittere

92 618 280 661 possum.

150 672 291 714 Nolite
311 682 475 730 putare,
495 673 645 715 fratres
664 673 758 726 mei,
778 674 877 731 quia
897 689 971 716 nos
992 674 1096 717 hanc
1117 675 1376 731 praesentiam
1398 691 1484 717 cor-

90 741 216 798 poris,
239 757 364 797 quam
387 741 475 782 haec
497 741 630 797 prima
655 742 881 798 propositio
907 742 1039 799 ponit,
1060 742 1398 800 improbavimus,
1422 754 1485 786 ut·

91 819 188 868 pote
218 825 344 867 quam
374 825 588 851 censemus
617 827 703 852 esse
732 812 1072 862 commenticiam,
1102 812 1414 868 phantasticam,
1444 825 1484 855 et

90 888 242 936 praeter
280 878 573 920 authoritatem
609 879 722 920 verbi
757 879 799 920 in
837 878 1059 921 Ecclesiam
1096 896 1119 921 a
1152 882 1484 923 Romanensibus

91 946 316 1004 perniciose
346 947 640 997 introductam,
666 956 885 1004 propterea
908 947 1012 989 velle
1042 947 1183 989 tollere
1206 965 1342 990 veram
1372 950 1482 991 illam

91 1015 351 1072 praesentiam
373 1015 555 1071 corporis
577 1015 731 1056 Christi
752 1016 794 1056 in
819 1018 951 1057 Coena
971 1031 1044 1057 sua
1064 1016 1142 1058 rite
1163 1025 1203 1058 et
1218 1017 1400 1073 legitime
1415 1020 1485 1060 ad-

91 1083 336 1134 ministrata,
359 1099 455 1140 quae
475 1093 537 1125 est
557 1083 734 1125 fundata
754 1084 795 1124 in
816 1084 944 1125 verbo
966 1084 1061 1134 Dei,
1083 1094 1125 1125 et
1151 1094 1318 1141 patrum
1348 1086 1485 1128 ortho-

92 1152 296 1193 doxorum
318 1152 622 1194 commentariis
641 1151 886 1194 illustratur.
939 1153 1021 1203 Qui
1042 1153 1095 1194 de
1115 1168 1181 1193 me
1205 1153 1263 1194 ita
1289 1154 1485 1206 sentiunt,

93 1221 212 1262 Deus
233 1220 347 1262 novit
367 1220 481 1276 quod
503 1220 682 1261 multum
704 1220 763 1261 illi
783 1220 1118 1269 hallucinentur;
1151 1221 1278 1277 idque
1303 1232 1349 1263 ut
1370 1222 1485 1264 vobis

93 1289 264 1346 planum
286 1288 434 1330 faciam
456 1289 675 1330 declarabo
694 1289 963 1345 paucissimis,
986 1306 1111 1346 quam
1132 1306 1210 1346 ego
1230 1305 1367 1331 veram
1389 1306 1484 1332 cum

93 1357 220 1399 verbo
242 1357 322 1398 Dei
343 1366 384 1398 et
410 1357 554 1414 priscis
585 1357 776 1413 patribus
811 1366 949 1399 statuo
980 1358 1022 1399 in
1057 1367 1310 1400 sacramento
1343 1360 1484 1400 Coenae

94 1425 325 1467 Dominicae
340 1426 522 1482 corporis
540 1425 694 1467 Christi
712 1426 984 1482 praesentiam.
1029 1428 1139 1468 Cum
1156 1427 1274 1468 Luca
1294 1428 1484 1483 Evange-

92 1492 185 1535 lista
204 1502 246 1535 et
266 1493 473 1550 Apostolo
495 1492 628 1534 Paulo
648 1493 741 1534 dico
762 1509 910 1549 panem
927 1493 969 1534 in
986 1509 1071 1549 quo
1087 1493 1232 1549 gratiae
1248 1502 1350 1535 actae
1371 1502 1481 1543 sunt,

93 1578 180 1604 esse
199 1579 350 1619 corpus
372 1562 541 1611 Christi,
564 1561 617 1602 ad
639 1561 875 1602 memoriam
903 1561 1032 1617 ipsius
1059 1569 1100 1601 et
1126 1560 1269 1602 mortis
1299 1561 1388 1617 ejus
1419 1576 1485 1601 us-

94 1647 177 1687 que
211 1632 264 1672 ad
298 1631 524 1672 adventum
555 1631 646 1686 ejus
675 1638 878 1687 perpetuo
908 1645 932 1671 a
960 1629 1154 1671 fidelibus
1183 1629 1482 1670 celebrandam.

95 1700 203 1741 Dico
222 1715 372 1756 panem
393 1714 516 1756 quem
539 1699 784 1755 frangimus,
805 1714 891 1739 esse
911 1697 1320 1740 communicationem
1343 1713 1484 1754 corpo-

95 1768 151 1809 ris
173 1767 346 1810 Christi.

155 1838 264 1879 Cum
285 1836 527 1877 orthodoxis
547 1835 735 1892 patribus
756 1835 810 1877 sic
831 1835 979 1891 loquor
1005 1843 1047 1876 et
1074 1835 1217 1884 sentio,
1240 1850 1320 1876 non
1353 1835 1482 1876 solum

96 1905 433 1962 significationem
469 1904 650 1961 corporis
686 1903 893 1945 Dominici
925 1903 1013 1944 fieri
1048 1918 1123 1959 per
1158 1911 1481 1949 sacramentum3

97 1975 167 2016 sed
199 1990 283 2016 una
312 1989 407 2016 cum
438 1974 508 2015 illo
537 1973 722 2014 exhiberi
752 1973 885 2013 fateor
914 1972 991 2028 piis
1021 1981 1062 2013 et
1091 1970 1282 2012 fidelibus
1311 1971 1484 2027 gratiam

96 2043 278 2100 corporis
314 2042 482 2092 Christi,
519 2042 615 2083 vitae
650 2041 801 2082 scilicet
835 2051 961 2095 atque
995 2039 1313 2081 immortalitatis
1347 2038 1486 2079 alimo-

97 2111 223 2162 niam,
245 2111 372 2167 idque
401 2126 496 2152 cum
529 2109 754 2167 Cypriano.
815 2108 1124 2149 Manducamus
1145 2107 1286 2156 vitam,
1308 2106 1486 2147 bibimus

98 2180 225 2221 vitam
260 2195 356 2221 cum
386 2179 644 2235 Augustino,
678 2177 876 2218 sentimus
907 2176 1136 2217 Dominum
1166 2183 1409 2231 praesentem
1445 2174 1486 2213 in

97 2247 244 2304 gratia,
266 2262 362 2288 cum
393 2247 622 2288 Emisseno.
674 2243 916 2300 Recipimus
946 2243 1085 2284 cibum
1115 2242 1319 2283 coelestem
1350 2250 1390 2281 ct
1420 2256 1486 2280 su-

98 2331 224 2373 perne
261 2315 490 2356 venientem
525 2329 620 2355 cum
657 2312 911 2353 Athanasio:
952 2310 1249 2367 Proprietatem
1291 2308 1487 2349 naturalis

99 2383 398 2425 communionis
432 2398 525 2424 cum
564 2381 755 2423 Hilario:
802 2381 1006 2421 Naturam
1042 2379 1188 2428 carnis,
1222 2386 1262 2418 et
1299 2377 1488 2417 bencdic-

100 2453 251 2494 tionem
274 2451 562 2492 vivificativam
590 2450 632 2491 in
660 2464 766 2505 pane
796 2457 837 2489 et
858 2448 953 2487 vino
982 2461 1075 2487 cum
1099 2445 1282 2501 Cyrill03
1321 2454 1362 2486 et
1392 2459 1486 2485 cum

100 2520 245 2561 eodem
276 2519 470 2559 virtutem
504 2517 684 2573 propriae
715 2515 848 2557 carnis
881 2514 1051 2563 Christi,
1081 2513 1206 2553 vitam
1239 2522 1279 2553 et
1312 2512 1486 2567 gratiani

100 2587 296 2644 corporiS,
334 2585 536 2640 unigeniti
572 2584 881 2640 proprietatem,
915 2581 957 2621 id
993 2590 1069 2631 est,
1106 2589 1152 2621 ut
1185 2580 1272 2637 ipse
1305 2579 1488 2636 Cyl-illus

102 2654 375 2696 disertissimis
403 2653 537 2694 verbis
569 2651 752 2708 exponit,
782 2650 920 2690 vitam.
975 2650 1175 2689 Fatemur
1207 2663 1279 2688 nos
1310 2647 1487 2702 recipcre¹

102 2739 196 2765 cum
228 2722 380 2764 Basilio
411 2720 630 2777 mysticum
663 2717 818 2760 Christi
847 2717 1086 2766 adventum,
1109 2716 1298 2771 gratiam,
1321 2723 1362 2755 ct
1382 2729 1486 2754 vcra*

104 2801 263 2842 naturae
303 2790 522 2831 virtutem:
567 2790 712 2843 Atque
744 2800 852 2827 verae
890 2784 1022 2825 carnis
1055 2792 1352 2825 sacramentum
1393 2796 1485 2822 cum

758 2868 783 2894 E
806 2855 832 2893 ss
