1799 3077
634 141 935 182 RIDLEII.
1422 148 1476 187 55

89 269 183 298 nem
203 254 357 312 gratias
376 254 491 311 egit3
532 261 572 295 et
602 253 728 310 fregit
758 269 936 311 panem3
974 268 1072 310 ergo
1102 254 1233 310 major
1253 270 1359 296 vera.
1421 259 1479 299 Et

87 324 356 366 confirmatur
405 322 728 364 authoritatibus
781 332 963 379 patrum,
1008 322 1172 374 Irenaei,
1216 322 1477 374 Tertulliani,

90 391 209 448 Orig.
235 392 343 448 Cyp.
372 390 586 447 Epiphan.
617 391 866 448 Hieronym.
898 392 1014 447 Aug.
1048 390 1318 440 Theodoreti,
1352 391 1478 446 Cyril.

89 459 270 510 Rabani,
304 459 456 501 Bedae:
495 461 665 501 Horum
699 459 789 501 loca
822 459 975 515 recipio
1011 473 1077 500 me
1111 468 1371 500 ostensurum
1405 458 1483 500 cla-

89 528 261 578 rissima,
284 527 316 569 si
347 527 473 569 modo
501 528 752 570 concedatur
775 527 908 584 (quod
939 526 1108 583 quidem
1138 529 1256 584 peto)
1284 526 1481 568 librorum

90 596 221 654 copia.

145 665 186 707 ii.
211 664 337 706 Panis
363 675 425 706 est
451 679 601 720 corpus
623 663 794 714 Christi,
816 679 915 720 ergo
944 671 1006 704 est
1034 662 1177 718 panis;
1210 677 1235 703 a
1265 662 1385 703 tertio
1415 663 1485 703 ad-

83 734 248 791 jacente
275 733 329 774 ad
357 732 585 774 secundum
616 732 821 788 adjacens,
843 746 939 773 cum
960 730 1075 772 verbi
1106 730 1351 772 substantivi
1381 745 1486 786 pura

90 801 250 857 copula.

146 868 200 909 iii.
226 868 342 910 Sicut
362 866 480 923 panis
500 881 652 909 mensae
674 867 904 908 Dominicae
923 875 984 907 est
1007 881 1158 922 corpus
1180 865 1335 907 Christi
1365 874 1485 906 natu-

90 937 188 989 rale,
210 936 268 978 ita
285 945 346 978 est
374 945 416 977 et
443 951 594 991 corpus
626 937 716 992 ejus
747 935 993 992 mysticumz,
1028 935 1099 975 sed
1131 950 1214 976 non
1245 944 1305 975 est
1336 949 1485 990 corpus

93 1004 249 1048 Christi
267 1003 488 1061 mysticum
512 1019 584 1060 per
606 1002 1124 1050 transsubstantiationem3
1158 1018 1258 1058 ergo
1279 1017 1414 1058 neque
1431 1002 1485 1042 sic

90 1063 322 1130 estcorpus
342 1071 499 1114 Christi
519 1072 718 1113 naturale.
771 1072 915 1113 Minor
945 1080 1073 1127 patet,
1096 1080 1137 1111 et
1168 1071 1309 1127 Major
1339 1071 1487 1126 proba-

91 1151 185 1184 tur:
222 1142 337 1184 Sicut
359 1141 567 1192 Christus,
590 1141 662 1197 qui
689 1150 750 1183 est
769 1140 933 1191 veritas,
955 1139 1062 1181 dixit
1094 1139 1146 1181 de
1175 1155 1296 1196 pane,
1317 1140 1395 1181 1100
1425 1149 1485 1181 est

90 1225 241 1267 corpus
261 1225 416 1261 meum,
438 1210 553 1266 quod
575 1226 651 1267 pro
671 1210 787 1251 vobis
806 1209 1007 1259 tradetur,
1030 1208 1203 1264 loquens
1230 1208 1287 1250 ibi
1318 1208 1370 1249 de
1399 1224 1485 1249 cor-

92 1293 192 1334 pore
212 1278 418 1327 naturali;
453 1279 511 1320 ita
532 1279 705 1331 Paulus,
726 1279 778 1320 ab
799 1278 942 1320 eodem
965 1276 1113 1334 spiritu
1134 1276 1316 1318 veritatis
1336 1276 1484 1332 impul-

93 1362 176 1398 sus,
198 1347 319 1398 dixit,
342 1349 468 1389 Unus
488 1348 621 1404 panis,
644 1357 685 1389 et
705 1362 835 1388 unum
858 1361 1008 1403 corpus
1028 1344 1149 1386 multi
1170 1360 1313 1386 sumus
1329 1360 1482 1394 omnes,

92 1416 166 1472 qui
185 1416 238 1457 de
257 1432 342 1457 uno
362 1431 469 1473 pane
490 1416 797 1473 participamus.

148 1484 204 1526 iv.
227 1486 325 1527 Non
361 1485 493 1542 magis
527 1484 758 1526 credendus
789 1492 849 1525 est
880 1482 998 1539 panis
1031 1479 1408 1522 transsubstantiari
1441 1480 1481 1520 in

91 1568 242 1609 corpus
273 1553 443 1604 Christi,
466 1568 593 1609 quam
614 1552 757 1593 vinum
787 1551 829 1592 in
860 1550 1115 1606 sanguinem,
1137 1548 1207 1589 sed
1230 1548 1371 1588 vinum
1402 1563 1483 1589 non

93 1622 508 1663 transsubstantiatur
529 1621 571 1661 in
601 1620 857 1677 sanguinem,
880 1634 979 1675 ergo
1011 1632 1145 1673 neque
1177 1616 1295 1672 panis
1325 1617 1366 1656 in
1399 1632 1485 1657 cor-

92 1703 184 1743 pus.
236 1690 378 1746 Major
409 1699 470 1730 est
502 1689 731 1739 manifesta,
760 1687 962 1744 probatur
991 1685 1125 1726 minor
1154 1700 1205 1725 ex
1236 1683 1485 1724 authoritate

94 1757 208 1798 verbi
230 1758 312 1799 Dei
332 1758 374 1799 in
397 1758 553 1800 Matth.
575 1767 617 1799 et
638 1758 752 1798 Mar.
802 1757 900 1797 Non
918 1755 1058 1796 bibam
1079 1769 1130 1794 ex
1151 1753 1230 1793 hoc
1256 1752 1396 1792 fructu
1427 1752 1484 1791 vi-

93 1824 145 1866 tis
168 1827 238 1867 &c.
300 1827 483 1868 Fructus
511 1835 650 1867 autem
681 1825 825 1866 vinum
861 1831 961 1872 erat,
993 1821 1107 1878 quod
1144 1819 1335 1862 Christus
1373 1819 1486 1861 bibe-

94 1893 181 1944 bat,
217 1903 258 1936 et
298 1895 510 1952 discipulis
548 1894 776 1935 bibendum
817 1891 943 1934 dedit.
1010 1889 1125 1930 Huic
1161 1887 1372 1929 sententiae
1406 1888 1486 1929 cla-

94 1962 251 2005 rissime
281 1964 534 2020 suffragatur
559 1961 844 2020 Chrysostomi
874 1960 988 2001 locus
1017 1958 1059 1999 in
1090 1958 1216 1998 Matt.
1238 1955 1366 2003 xxvi3
1400 1956 1484 1996 suf-

95 2030 284 2088 fragatur
304 2042 345 2074 et
366 2034 474 2089 Cyp.
497 2031 704 2073 affirmans
725 2029 966 2085 sanguinem
989 2029 1140 2076 deesse,
1163 2024 1195 2065 si
1216 2023 1320 2065 desit
1341 2023 1480 2064 vinum

95 2099 138 2141 in
157 2100 291 2142 calice.

152 2184 191 2209 v.
217 2169 353 2211 Verba
381 2169 536 2211 Christi
566 2168 676 2210 dicta
708 2181 831 2223 super
866 2164 1062 2222 poculum
1097 2161 1210 2218 apud
1248 2161 1408 2200 Lucam
1443 2167 1482 2198 et

96 2236 293 2289 Paulum,
318 2247 416 2279 sunt
445 2248 528 2278 tam
562 2236 753 2285 efficacia,
781 2249 906 2290 quam
938 2249 986 2273 ea
1015 2247 1110 2287 quae
1137 2229 1333 2270 dicuntur
1360 2242 1483 2282 super

95 2318 269 2360 panem3
303 2305 375 2346 sed
395 2304 506 2346 dicta
525 2320 650 2361 super
670 2303 865 2360 poculum
889 2315 969 2341 non
992 2300 1145 2340 habent
1165 2296 1247 2337 vim
1277 2294 1483 2335 transsub-

97 2372 334 2422 stantiandi,
369 2388 481 2429 ergo,
517 2375 588 2414 810.
650 2371 792 2413 Minor
825 2369 1050 2426 probatur;
1094 2365 1192 2421 quia
1222 2372 1321 2404 tunc
1356 2371 1484 2402 trans-

97 2439 419 2481 substantiarent
453 2440 632 2490 calicem,
670 2439 729 2480 vel
770 2437 885 2494 quod
919 2445 979 2477 est
1012 2435 1052 2474 in
1092 2432 1214 2474 calice
1249 2431 1289 2471 in
1329 2442 1482 2469 novum

99 2508 442 2559 Testamentum3
474 2508 546 2548 sed
576 2517 769 2549 neutrum
801 2507 950 2546 h'orum
981 2502 1067 2543 fieri
1098 2508 1246 2557 potest,
1272 2508 1313 2539 et
1342 2498 1484 2538 absur-

98 2576 200 2617 dum
222 2585 282 2617 est
302 2576 498 2616 confiteri.

156 2644 212 2685 vi.
236 2644 314 2685 Ille
345 2659 485 2684 sensus
517 2659 640 2684 sacrae
673 2642 897 2697 Scriptura?
925 2639 995 2692 (de
1027 2636 1287 2679 sacramentis
1316 2635 1481 2690 loquor)

100 2713 277 2754 maxime
298 2712 541 2769 deligendus
563 2720 638 2762 est,
660 2725 784 2766 quem
807 2708 984 2749 maxime
1011 2704 1327 2747 circumstantiae
1353 2702 1484 2756 Scrip-

101 2788 220 2831 turae,
241 2781 428 2836 analogia
448 2788 811 2828 sacramentorum,
832 2786 872 2817 et
901 2774 1131 2817 testimonia
1157 2782 1321 2828 patrum
1349 2769 1484 2810 ortho—

757 2847 833 2886 124
