1799 3077
298 139 380 182 176
685 142 916 183 JUELLI
951 142 1288 184 APOLOGIA.

294 253 472 310 cipiatur
491 254 741 296 auctoritas?
776 255 817 295 Si
838 255 916 296 ista
934 264 1024 297 rata
1042 271 1128 297 esse
1148 255 1308 306 volunt,
1328 270 1403 296 cur
1419 255 1603 297 Concilia
1622 256 1681 296 in-

295 321 520 363 dicuntur?
562 322 623 363 sin
654 337 701 363 ea
723 322 876 378 jubent
906 339 991 364 esse
1019 323 1148 375 irrita,
1175 339 1249 365 cur
1278 323 1321 363 in
1350 322 1523 364 istorum
1553 323 1681 374 libris,

296 390 414 446 quasi
434 390 595 446 integra
614 390 938 446 relinquuntur?

357 458 438 499 Sed
459 458 511 500 sit
530 474 625 499 sane
647 458 843 499 Pontifex
864 474 974 500 unus
994 475 1120 516 supra
1138 459 1276 501 omnia
1297 459 1494 509 Concilia,
1511 459 1590 500 hoc
1607 468 1681 510 est,

297 526 349 568 sit
367 542 463 583 pars
482 527 621 583 aliqua
641 527 772 583 major
792 542 919 583 quam
941 536 1074 568 totum
1091 544 1102 575 3
1134 527 1230 583 plus
1249 527 1391 583 possit,
1413 527 1507 583 plus
1537 528 1682 584 sapiat,

80 610 131 639 Ad
146 610 274 649 Evagri-
297 610 423 650 quam
444 609 585 635 omnes
606 594 693 643 sui3
727 603 767 636 et
788 595 853 636 vel
880 594 1010 636 invito
1038 595 1314 652 Hieronymo,
1337 595 1388 636 sit
1419 595 1531 637 urbis
1561 595 1701 636 unius

79 662 143 683 ⁰¹¹²·
296 662 517 704 auctoritas
538 663 668 718 major
687 678 812 719 quam
834 663 944 704 orbis
970 672 1185 704 terrarum.
1247 665 1310 704 At
1340 663 1443 719 quid
1473 663 1505 704 si
1533 662 1601 703 ille
1631 663 1685 703 de

296 731 360 771 his
380 731 503 771 rebus
522 730 624 771 nihil
645 730 816 778 viderit;
849 741 890 772 et
910 746 985 772 nec
1006 746 1138 772 sacras
1162 730 1410 787 Scripturas,
1432 746 1506 771 nec
1526 738 1684 771 veteres

298 800 457 849 Patres,
479 814 553 839 nec
576 798 759 840 Concilia
784 814 858 840 sua
889 814 1073 855 unquam
1103 799 1279 856 legerit?
1323 799 1436 850 Quid
1467 798 1500 839 si
1528 797 1595 839 ille
1622 800 1685 851 (ut

297 866 393 907 olim
416 869 534 924 Papa
554 867 767 919 Liberius)
790 868 950 909 deficiat
969 868 1022 909 ad
1042 868 1247 916 Arianos;
1290 877 1376 918 aut,
1399 877 1447 909 ut
1476 883 1558 909 non
1589 877 1684 908 ante

297 935 354 976 ita
384 935 537 977 multos
566 951 708 986 annos,
731 937 914 977 Joannes
946 938 1075 993 Papa,
1098 937 1149 978 de
1179 937 1322 978 futura
1342 936 1441 987 vita,
1463 946 1504 978 et
1532 936 1685 977 anima-

298 1019 391 1044 rum
426 1003 732 1045 immortalitate
766 1004 890 1060 impie
925 1013 966 1046 et
1000 1004 1154 1045 nefarie
1189 1004 1361 1051 sentiat3
1398 1013 1471 1045 aut
1504 1012 1552 1045 ut
1587 1003 1683 1044 olim

299 1073 417 1128 Papa
437 1072 629 1112 Zosimus
652 1072 882 1113 Concilium
908 1072 1128 1123 Nicenum,
1150 1072 1207 1113 ita
1236 1072 1303 1113 ille
1334 1087 1444 1113 nunc
1473 1072 1687 1129 potestatis

299 1155 384 1181 suae
404 1140 606 1196 augendae
625 1156 761 1191 causa,
782 1140 862 1181 alia
883 1140 1065 1182 Concilia
1085 1150 1337 1197 corrumpat,
1360 1149 1401 1181 et
1421 1156 1516 1196 quae
1543 1155 1594 1181 ne
1620 1156 1686 1181 co-

298 1208 429 1264 gitata
449 1209 617 1264 quidem
639 1224 823 1265 unquam
845 1209 1014 1261 fuerint,
1035 1225 1083 1250 ea
1102 1225 1126 1250 a
1148 1209 1294 1250 sanctis
1316 1209 1511 1250 Patribus
1535 1209 1688 1250 delibe-

239 1307 241 1315 <
299 1285 388 1317 rata
408 1286 448 1318 et
468 1277 690 1318 constituta
711 1293 795 1318 esse
816 1277 950 1325 dicat3
984 1287 1115 1333 utque
1144 1277 1401 1318 Camotensis
1428 1277 1484 1318 ait
1515 1277 1688 1318 Pontifi-

298 1360 363 1385 ces
384 1344 522 1386 solitos
542 1360 627 1385 esse
647 1361 755 1401 saepe
775 1345 922 1395 facere,
944 1345 1027 1386 vim
1059 1345 1254 1386 adhibeat
1287 1345 1507 1401 Scripturis
1539 1355 1585 1386 ut
1616 1346 1688 1386 ha-

298 1412 394 1453 beat
410 1412 708 1468 plenitudinem
731 1412 974 1468 potestatis?
1008 1413 1120 1463 Quid
1149 1412 1180 1453 si
1207 1413 1372 1469 abjiciat
1400 1413 1547 1454 Fidem
1570 1413 1688 1454 Chri-

300 1480 487 1532 stianam,
509 1490 550 1521 et
580 1480 779 1521 efficiatur
808 1490 1008 1537 apostata,
1038 1481 1180 1537 quales
1211 1482 1406 1537 Lyranus
1436 1480 1506 1531 ait,
1534 1481 1689 1522 multos

298 1548 424 1589 fuisse
446 1550 582 1605 Papas
599 1551 615 1589 ?
649 1551 864 1590 Tamenne
888 1549 1066 1606 Spiritus
1087 1557 1251 1590 sanctus
1271 1548 1407 1590 statim
1427 1548 1486 1589 illi
1507 1548 1688 1605 pulsabit

299 1626 457 1672 pectus,
479 1626 604 1673 atque
624 1616 745 1658 etiam
768 1617 937 1666 nolenti,
957 1627 997 1658 et
1017 1616 1146 1658 invito
1165 1616 1360 1658 accendet
1374 1616 1513 1658 lumen
1530 1632 1581 1657 ne
1595 1632 1689 1673 pos-

300 1684 351 1724 sit
371 1687 537 1725 errare?
569 1686 662 1725 Aut
683 1684 750 1725 ille
769 1684 845 1726 erit
865 1685 957 1726 fons
977 1684 1109 1725 omnis
1123 1684 1261 1741 juris?
1293 1693 1334 1725 et
1363 1684 1496 1725 omnis
1525 1685 1689 1726 thesau-

300 1768 372 1793 rus
393 1752 602 1808 sapientiae
623 1761 748 1808 atque
766 1753 1047 1809 intelligentiae
1068 1753 1109 1793 in
1131 1753 1215 1802 illo,
1237 1762 1435 1808 tanquam
1466 1752 1508 1793 in
1539 1754 1689 1795 scrinio

300 1820 532 1862 invenietur
549 1823 565 1861 ?
597 1823 705 1871 Aut,
728 1820 759 1861 si
780 1820 868 1862 istae
888 1821 929 1862 in
951 1820 1021 1861 illo
1041 1836 1122 1861 non
1144 1829 1254 1870 sunt,
1275 1829 1464 1876 potestne
1485 1821 1537 1862 de
1564 1822 1689 1862 rebus

301 1889 425 1930 tantis
444 1898 553 1930 recte
573 1898 614 1929 et
634 1889 847 1930 commode
861 1889 1079 1945 judicare?
1112 1891 1218 1938 Aut,
1242 1888 1273 1929 si
1297 1888 1486 1944 judicare
1513 1903 1595 1929 non
1616 1904 1688 1944 po-

301 1966 394 2007 test,
415 1957 520 2014 petit
540 1966 587 1997 ut
607 1956 685 1997 ista
704 1956 758 1998 ad
779 1973 819 1998 se
841 1972 972 1997 unum
993 1956 1131 1997 omnia
1147 1956 1409 1997 referantur?
1442 1955 1553 2006 Quid
1570 1956 1602 1997 si
1617 1956 1689 1997 ad-

301 2025 435 2067 vocati
463 2025 728 2076 Pontificum,
751 2025 954 2076 Abbates,
975 2033 1016 2065 et
1046 2024 1258 2081 Episcopi,
1282 2023 1383 2064 nihil
1413 2024 1687 2076 dissimulent,

302 2093 373 2134 sed
392 2102 533 2149 aperte
554 2109 595 2134 se
614 2100 759 2149 gerant
780 2108 856 2149 pro
878 2092 1066 2133 hostibus
1087 2091 1320 2148 Evangelii,
1340 2101 1382 2133 et
1401 2091 1514 2147 quod
1531 2092 1687 2143 vident,

301 2161 440 2202 videre
459 2161 604 2212 nolint,
627 2170 667 2202 et
687 2160 770 2201 vim
791 2160 943 2202 faciant
966 2160 1202 2216 Scripturis,
1225 2171 1265 2201 et
1286 2159 1471 2200 videntes
1491 2175 1538 2201 ac
1563 2160 1689 2201 scien-

303 2239 363 2271 tes
383 2229 610 2285 depravent
629 2237 755 2284 atque
775 2228 1009 2270 adulterent
1029 2228 1200 2269 verbum
1223 2227 1302 2269 Dei
1318 2244 1328 2275 3
1363 2236 1403 2269 et
1423 2243 1471 2268 ea
1486 2243 1581 2283 quae
1598 2243 1689 2283 per-

87 2310 232 2340 Hostien.
304 2297 442 2353 spicue
462 2313 508 2338 ac
527 2296 692 2352 proprie
713 2296 822 2337 dicta
843 2305 939 2338 sunt
955 2296 1006 2337 de
1024 2296 1203 2345 Christo,
1218 2311 1292 2337 nec
1306 2304 1480 2352 possunt
1494 2296 1689 2352 cuiquam

87 2354 280 2424 ξὲΡᾺῗζὲξ
303 2365 538 2406 mortalium
573 2364 639 2408 alii
676 2364 905 2415 convenire,
937 2364 1099 2420 impure
1133 2373 1258 2419 atque
1292 2363 1416 2420 impie
1445 2363 1498 2404 ad
1530 2365 1689 2420 Papam

89 2439 202 2486 Panqr.
219 2439 253 2466 de
306 2433 581 2474 transferant?
614 2432 725 2483 Quid
748 2432 779 2473 si
801 2432 938 2473 dicant
959 2433 1116 2488 Papam
1138 2447 1222 2472 esse
1243 2431 1393 2481 omnia,
1411 2441 1451 2472 et
1467 2446 1591 2487 super
1605 2447 1692 2472 om-

89 2483 276 2562 Σξέιῧὲξξ,
304 2500 396 2547 nia;
439 2510 513 2541 aut
542 2500 659 2541 illum
690 2515 738 2541 ea
767 2515 884 2555 posse
913 2499 1064 2548 omnia,
1095 2515 1190 2555 quae
1222 2498 1414 2540 Christus
1447 2507 1607 2554 potest;
1649 2508 1690 2540 et

90 2567 229 2620 rabum-1.
307 2569 434 2623 Papae
448 2568 685 2623 Christique
706 2583 836 2608 unum
858 2583 942 2608 esse
959 2566 1154 2618 tribunal,
1175 2576 1215 2608 et
1232 2582 1359 2607 unum
1377 2565 1688 2607 consistorium?

87 2610 280 2690 {liig'cffssusin
307 2635 401 2674 Aut
420 2633 536 2674 illum
557 2650 642 2675 esse
661 2634 795 2676 lucem
822 2634 934 2675 illam
960 2650 1055 2690 quae
1074 2634 1232 2675 venerit
1261 2634 1302 2674 in
1333 2633 1552 2683 mundum,
1575 2632 1690 2687 quod

92 2695 233 2724 C⁰n⁰³¹l⁰
309 2701 500 2743 Christus
534 2702 585 2742 de
620 2717 660 2742 se
696 2717 780 2743 uno
814 2702 1111 2758 pronuntiavit,
1143 2717 1322 2757 eumque
1357 2700 1429 2756 qui
1464 2699 1569 2739 male
1603 2699 1689 2755 agit

96 2740 285 2769 indentuno.
308 2768 439 2809 odisse
460 2784 505 2810 ac
527 2769 671 2822 fugere
691 2770 799 2809 illam
823 2770 953 2810 lucem
972 2786 981 2815 ;
1016 2779 1085 2810 aut
1108 2770 1207 2810 alios
1229 2769 1458 2824 Episcopos
1478 2782 1617 2807 omncs
1638 2767 1690 2807 de.
