1799 3077
523 119 753 160 JUELLI
787 120 1124 162 APOLOGIA.
1440 130 1522 172 173

132 230 257 272 scitia.
320 232 408 273 Nos
438 231 520 273 luci
547 232 739 281 fidimus;
782 233 848 274 isti
885 234 1074 276 tenebris.
1135 236 1225 277 Nos
1259 237 1443 290 colimus,
1475 252 1523 283 ut

130 313 207 354 par
236 308 310 349 est,
334 315 452 340 voces
483 299 785 357 Apostolorum
816 310 856 342 et
887 302 1220 358 Prophetarum3
1258 303 1324 344 isti
1355 307 1523 349 combu-

130 375 242 408 runt.
303 368 519 408 Postremo
539 383 613 409 nos
633 368 675 408 in
705 368 786 410 Dei
816 385 939 410 causa
969 370 1050 410 Dei
1081 370 1204 411 unius
1228 370 1388 427 judicio
1417 383 1523 416 stare

130 436 347 483 volumus;
389 435 455 476 isti
487 445 593 477 stare
623 436 769 477 volunt
804 453 890 478 suo.
953 438 1075 488 Quod
1114 438 1146 479 si
1181 438 1239 479 illi
1269 439 1357 481 haec
1386 443 1523 484 omnia

130 504 355 560 tranquillo
384 504 534 555 animo,
557 514 598 545 et
627 505 680 545 ad
711 504 980 556 audiendum,
1003 505 1330 561 discendumque
1360 522 1523 565 compa-

129 580 220 613 rato
241 582 424 628 spectare
447 572 588 623 velint,
611 588 693 613 non
722 581 885 613 tantum
915 573 1153 629 probabunt
1183 573 1421 616 institutum
1451 592 1522 618 no-

130 649 275 691 strum,
309 640 382 696 qui
416 640 565 682 relictis
599 641 806 682 erroribus
843 640 1057 682 Christum
1089 641 1262 698 ejusque
1294 644 1521 699 Apostolos

130 709 258 750 secuti
289 725 445 759 sumus,
467 709 538 750 sed
565 709 643 765 ipsi
670 709 793 750 etiam
820 724 845 750 a
865 725 906 750 se
931 709 1135 760 deficient,
1158 725 1283 766 seque
1311 710 1422 753 ultro
1451 728 1521 769 ag-

127 777 363 833 gregabunt
383 778 436 818 ad
455 787 593 833 partes
612 786 783 818 nostras.

186 844 324 900 Atqui
355 844 440 885 sine
470 860 584 886 sacro
615 843 891 886 Oecumenico
923 844 1122 896 Concilio,
1155 846 1284 897 nefas,
1315 846 1517 903 inquient,

127 912 209 953 fuit
229 912 306 954 ista
327 921 495 954 tentare.
558 912 625 954 Ibi
654 913 761 954 enim
793 928 878 953 esse
908 928 1071 954 omnem
1093 913 1176 954 vim
1206 915 1428 963 Ecclesiae3
1461 915 1518 957 ibi

130 981 344 1022 Christum
382 981 609 1038 pollicitum
650 997 736 1022 esse
773 997 858 1022 sese
894 997 1054 1038 semper
1087 991 1240 1039 praesto
1274 983 1517 1026 affuturum.

128 1049 267 1105 Atqui
288 1049 366 1106 ipsi
386 1050 581 1091 mandata
607 1050 688 1091 Dei
719 1058 760 1091 et
780 1049 1081 1106 Apostolorum
1113 1050 1277 1091 decreta
1296 1051 1516 1103 violarunt,

129 1126 260 1173 utque
274 1119 362 1174 jam
385 1118 580 1169 diximus,
603 1118 740 1159 omnia
760 1133 905 1174 prope,
927 1133 1010 1159 non
1031 1127 1193 1159 tantum
1221 1118 1422 1170 instituta,
1445 1120 1516 1161 sed

128 1184 250 1226 etiam
276 1185 472 1241 dogmata
497 1186 717 1243 primitivae
749 1185 946 1227 Ecclesiae
976 1186 1292 1242 dissipaverunt,
1315 1188 1416 1229 nihil
1447 1204 1517 1230 ex-

128 1261 292 1308 pectato
313 1269 426 1295 sacro
448 1254 645 1298 Concilio.

185 1322 339 1362 Verum
362 1322 475 1378 quod
497 1322 627 1373 aiunt,
650 1321 750 1362 nihil
777 1322 971 1378 cuiquam
999 1322 1060 1363 fas
1090 1338 1175 1363 esse
1204 1323 1400 1365 innovare
1431 1325 1515 1367 sine

129 1390 328 1441 Concilio,
351 1390 444 1446 quis
465 1391 630 1431 tandem
653 1390 814 1446 scripsit
836 1390 953 1431 nobis
973 1391 1069 1432 istas
1091 1392 1256 1447 Leges?
1288 1393 1382 1433 Aut
1402 1392 1514 1433 unde

127 1457 192 1499 isti
213 1458 289 1499 hoc
311 1459 490 1500 edictum
513 1459 780 1500 habuerunt?

184 1526 377 1567 Ridicule
400 1527 570 1582 quidem
597 1526 694 1568 fecit
722 1526 789 1567 ille
820 1528 929 1576 Rex,
951 1526 1024 1581 qui
1053 1541 1148 1567 cum
1178 1527 1345 1568 oraculo
1374 1537 1510 1569 certus
1521 1534 1695 1573 Agesilaus.

125 1603 229 1635 esset
250 1595 301 1635 de
322 1595 536 1646 sententia,
557 1604 598 1636 et
618 1595 830 1636 voluntate
851 1594 999 1636 summi
1020 1596 1050 1635 J
1054 1595 1155 1646 ovis,
1175 1604 1318 1651 postea
1338 1611 1424 1636 rem
1450 1595 1511 1636 in-

126 1671 283 1718 tegram
304 1662 444 1704 retulit
471 1663 523 1704 ad
546 1662 800 1719 Apollinem,
823 1671 870 1703 ut
901 1662 1032 1713 sciret,
1055 1678 1107 1703 an
1137 1663 1246 1703 idem
1276 1663 1334 1703 illi
1355 1663 1512 1705 videre-

126 1739 207 1781 tur,
230 1731 344 1786 quod
373 1731 493 1787 patri.
555 1732 643 1772 Nos
672 1739 811 1771 autem
841 1730 973 1771 multo
1002 1730 1182 1786 ineptius
1211 1731 1451 1781 faceremus,
1478 1731 1509 1772 si

124 1814 219 1840 cum
242 1801 382 1840 Deum
402 1799 538 1855 ipsum
560 1799 677 1839 nobis
696 1798 738 1839 in
760 1798 1022 1840 sacrosanctis
1045 1798 1267 1854 Scripturis
1286 1808 1427 1855 aperte
1453 1800 1510 1841 lo-

124 1875 319 1921 quentem
340 1866 571 1916 audiamus,
592 1866 765 1922 ejusque
785 1866 1039 1907 voluntatem
1057 1876 1096 1907 et
1112 1876 1290 1907 mentem
1310 1866 1510 1923 intelliga-

123 1948 229 1983 mus,
251 1941 406 1989 postea,
428 1933 545 1989 quasi
565 1933 608 1975 id
628 1933 730 1974 nihil
752 1933 816 1983 sit,
838 1949 923 1974 rem
945 1933 1145 1989 integram
1168 1933 1319 1974 referre
1334 1933 1508 1974 velimus

123 2000 176 2040 ad
199 2001 444 2051 Concilium,
466 2002 581 2058 quod
601 2016 684 2042 non
708 2001 822 2042 aliud
849 2011 923 2052 est,
945 2017 1069 2058 quam
1101 2017 1285 2058 quaerere
1314 2016 1366 2042 an
1396 2001 1506 2042 idem

123 2068 358 2110 hominibus
378 2069 568 2111 videatur
588 2070 702 2126 quod
724 2071 842 2117 De0;
880 2080 920 2111 et
950 2085 1001 2110 an
1032 2069 1216 2110 homines
1236 2069 1364 2110 velint
1393 2085 1507 2109 man-

122 2137 221 2178 data
255 2138 336 2178 Dei
369 2138 611 2180 auctoritate
647 2154 721 2179 sua
754 2138 1031 2194 comprobare.
1093 2138 1205 2187 Quid
1244 2137 1381 2177 enim?
1429 2137 1506 2178 nisi

125 2205 357 2246 Concilium
378 2207 476 2247 velit
496 2216 537 2247 et
551 2207 712 2263 jubeat,
734 2221 879 2247 verum
900 2221 981 2247 non
1003 2205 1079 2246 erit
1094 2208 1268 2246 verum?
1300 2214 1373 2246 aut
1388 2206 1507 2246 Deus

123 2288 206 2314 non
226 2274 303 2315 erit
324 2275 470 2315 Deus?
505 2275 548 2316 Si
571 2275 761 2316 Christus
780 2275 832 2315 ab
853 2273 968 2314 initio
994 2274 1052 2314 ita
1078 2274 1210 2314 facere
1229 2273 1437 2325 voluisset,
1458 2281 1505 2314 ut

122 2341 221 2381 nihil
254 2342 431 2392 doceret,
460 2351 533 2383 aut
562 2342 715 2383 diceret
743 2341 882 2382 invitis
911 2341 1142 2397 Episcopis,
1173 2356 1335 2381 omnem
1365 2350 1505 2382 autem

122 2409 349 2450 doctrinam
371 2425 484 2450 suam
507 2410 560 2451 ad
581 2412 750 2450 Annam
771 2419 809 2450 et
828 2409 1053 2465 Caiapham
1074 2407 1291 2458 retulisset,
1310 2409 1382 2449 ubi
1396 2424 1507 2451 nunc

123 2485 227 2516 esset
248 2476 373 2517 Fides
396 2478 660 2519 Christiana?
691 2487 765 2519 aut
784 2477 877 2533 quis
898 2492 1082 2532 unquam
1105 2476 1285 2518 audisset
1312 2478 1505 2533 Evange-

122 2544 255 2585 lium?
302 2547 453 2586 Petrus
485 2545 668 2601 quidem,
700 2560 825 2601 quem
860 2545 1054 2586 Pontifex
1095 2543 1258 2600 saepius,
1290 2545 1504 2601 magisque

121 2613 345 2668 praedicare
366 2612 480 2663 solet,
501 2628 626 2668 quam
648 2614 677 2653 J
681 2628 795 2653 esum
819 2613 1045 2663 Christum,
1067 2613 1241 2654 fidenter
1266 2613 1414 2654 restitit
1443 2629 1504 2654 sa-

122 2695 191 2720 cro
219 2680 417 2730 Concilio,
440 2690 481 2721 et
511 2680 650 2730 satius,
675 2680 823 2735 inquit,
845 2689 905 2721 est
934 2681 1217 2736 obtemperare
1248 2681 1354 2730 Deo,
1376 2694 1501 2735 quam
