1799 3077
652 141 952 181 RIDLEII.
1442 152 1496 192 57

112 257 179 307 rit,
213 253 474 297 considerans
508 261 672 295 aetatem
708 253 930 310 scriptoris,
964 255 1251 308 eruditionem,
1286 262 1497 303 sanctimo-

111 324 236 373 niam,
262 331 446 364 veterum
468 320 746 377 allegationeS,
769 331 810 363 et
840 322 1017 364 rationes
1045 323 1155 364 illius
1185 326 1428 382 multiplices
1457 340 1496 370 et

111 393 274 443 solidas,
296 392 399 433 nihil
429 391 543 433 aliud
572 391 759 447 profecto
788 406 915 447 quarn
945 391 1082 433 mirari
1113 408 1295 448 possum,
1327 395 1358 435 si
1389 397 1496 451 quis-

111 475 238 518 quam
272 459 507 501 timentium
540 461 696 510 Deum,
724 459 853 516 possit
883 459 920 500 ei
950 460 992 500 in
1024 460 1191 517 negotio
1223 462 1496 505 Eucharistiae

109 527 223 569 salva
240 528 488 570 conscientia
505 527 797 569 contradicere.
844 527 930 569 Hic
949 527 1050 568 mihi
1070 528 1229 584 primus
1248 544 1389 571 aurem
1410 532 1498 572 vul-

110 595 175 648 sit,
207 604 249 638 et
278 612 303 638 a
331 596 578 653 pervulgato
608 595 806 637 Ecclesiae
836 596 1110 637 Romanensis
1139 612 1290 648 errore,
1321 598 1374 639 ad
1409 598 1497 639 dili-

109 665 338 722 gentiorem
375 664 602 720 Scripturae
636 672 677 704 et
713 672 898 704 veterum
934 663 1295 706 ecclesiasticorum
1331 666 1498 723 scripto-

110 749 204 775 rum
235 733 312 774 hac
346 733 389 774 in
424 748 468 774 re
497 731 852 788 investigationem
883 732 1042 788 primus
1070 732 1129 774 ire
1159 733 1306 790 coegit,
1338 744 1379 775 et
1411 735 1498 776 haec

109 801 258 857 loquor
289 815 426 842 coram
459 801 566 850 Deo,
594 799 667 856 qui
700 799 774 841 scit
800 814 866 840 me
897 799 939 840 in
971 799 1035 841 his
1061 816 1156 857 quae
1181 802 1270 858 jam
1298 802 1391 844 dico
1417 818 1498 844 non

110 877 285 910 mentiri.

567 996 735 1023 TERTIA
770 997 1043 1024 PROPostho.

171 1073 225 1113 In
252 1071 373 1113 missa
400 1079 461 1112 est
482 1070 690 1113 vivificum
721 1071 916 1114 Ecclesiae
947 1072 1188 1114 sacrificium
1220 1089 1296 1129 pro
1326 1075 1500 1131 peccatis

112 1149 195 1181 tam
219 1140 406 1182 vivorum
428 1154 554 1195 quam
576 1148 835 1181 mortuorum
856 1139 1128 1197 propitiabile.

681 1267 937 1294 RESPONSIO-

168 1343 242 1385 Ad
262 1343 315 1384 iii,
339 1343 537 1394 similiter,
560 1353 607 1384 ut
627 1343 679 1384 ad
706 1344 881 1400 primam
913 1343 1155 1401 respondeo,
1177 1353 1302 1400 atque
1332 1344 1498 1402 insuper

110 1412 202 1453 dico
229 1427 320 1453 eam
346 1411 388 1452 in
419 1427 539 1452 sensu
570 1426 695 1468 quem
717 1411 843 1453 verba
863 1411 1056 1453 videntur
1085 1427 1172 1468 prae
1203 1429 1244 1453 se
1273 1413 1393 1463 ferre,
1417 1428 1495 1453 non

111 1480 243 1522 solum
265 1496 351 1522 esse
371 1495 598 1531 erroneam,
619 1479 689 1520 sed
710 1479 814 1521 adeo
834 1494 1002 1535 quoque
1022 1495 1107 1521 esse
1128 1480 1269 1521 mortis
1290 1489 1330 1522 et
1350 1482 1499 1536 passio-

111 1549 173 1590 nis
196 1548 350 1590 Christi
372 1548 669 1604 derogativam,
693 1556 740 1588 ut
760 1563 842 1589 non
863 1547 1067 1589 immerito
1091 1548 1201 1602 (mea
1221 1549 1388 1604 quidem
1412 1564 1499 1589 sen-

111 1617 257 1672 tentia)
280 1617 322 1657 in
343 1616 685 1674 preciosissimum
707 1615 948 1672 sanguinem
971 1616 1125 1657 Christi
1149 1617 1374 1658 Servatoris
1395 1617 1499 1658 blas-

110 1684 260 1740 phema
280 1684 433 1725 censeri
454 1692 496 1725 et
514 1683 643 1740 possit
663 1692 704 1724 et
724 1682 883 1725 debeat.

663 1813 950 1840 EXPLICATIO.

171 1893 237 1933 De
259 1892 391 1933 Missa
421 1892 688 1942 Romanensi,
711 1906 806 1947 quae
836 1890 959 1932 hodie
987 1898 1115 1939 extat,
1138 1899 1211 1930 aut
1230 1889 1319 1945 ejus
1340 1889 1499 1930 vivifico

113 1960 308 2001 sacrificio
337 1958 589 2016 propitiabili
620 1974 696 2015 pro
725 1958 902 2015 peccatis
933 1957 1122 1998 vivorum
1153 1967 1194 1998 ct
1224 1965 1496 2006 mortuorum,

113 2028 304 2069 universa
324 2043 438 2068 sacra
460 2026 674 2083 Scriptura
694 2042 745 2067 ne
764 2041 841 2083 gry
862 2025 1029 2081 quidem
1056 2025 1194 2066 habet.
1254 2025 1497 2080 Ambigitur

111 2095 233 2136 etiam
264 2095 315 2137 de
347 2095 488 2136 Missae
518 2095 696 2145 nomine,
723 2094 826 2151 quid
856 2094 1069 2150 significet,
1092 2102 1132 2134 et
1162 2108 1214 2133 an
1246 2092 1367 2132 hodie
1399 2091 1494 2142 ulla,

111 2163 245 2220 qualis
265 2164 346 2205 fuit
367 2174 568 2214 veterum,
590 2179 685 2204 vere
710 2162 927 2213 habeatur,
948 2177 1043 2202 cum
1074 2161 1175 2202 nulli
1206 2170 1277 2202 aut
1308 2160 1496 2201 catechu-

110 2231 220 2272 meni
240 2241 313 2274 aut
333 2232 579 2288 poenitentes
599 2231 851 2272 emittantur.
905 2231 1029 2280 Item,
1051 2229 1103 2270 de
1123 2228 1201 2269 illis
1221 2227 1354 2268 verbis
1377 2227 1491 2281 (vivi-

109 2300 188 2341 fico
218 2300 414 2342 Ecclesiae
443 2300 658 2355 sacrificio)
681 2298 918 2355 ambigitur,
948 2313 999 2339 an
1030 2297 1312 2352 intelligantur
1342 2296 1494 2351 tropice

110 2378 152 2409 et
172 2368 518 2410 sacramentaliter
536 2384 613 2425 pro
634 2367 783 2408 vivifici
801 2365 984 2407 sacrificii
1005 2373 1268 2413 sacramento,
1286 2363 1495 2418 quomodo

111 2435 153 2476 in
176 2438 308 2477 Coena
328 2436 548 2477 Dominica
567 2451 648 2477 non
670 2443 846 2491 negatur
873 2433 1027 2484 adesse,
1049 2448 1099 2474 an
1131 2430 1296 2487 proprie
1326 2439 1366 2472 et
1395 2430 1497 2471 citra

110 2519 273 2545 omnem
295 2513 476 2560 tropum,
498 2503 709 2560 quomodo
729 2502 896 2544 unicum
919 2509 1078 2542 tantum
1104 2499 1198 2550 fuit,
1219 2498 1346 2553 idque
1373 2498 1495 2538 semel

111 2571 312 2622 oblatum,
343 2571 532 2612 videlicet
566 2571 607 2611 in
643 2585 713 2611 ara
742 2569 883 2610 crucis.
941 2569 1146 2608 Praeterea
1179 2566 1220 2606 in
1256 2565 1333 2606 illis
1361 2565 1494 2605 verbis

113 2640 233 2693 (tam,
256 2642 402 2696 quam)
425 2638 668 2695 ambiguum
690 2652 775 2678 esse
800 2645 948 2692 potest,
973 2644 1111 2676 utrum
1140 2633 1180 2675 in
1209 2649 1328 2674 sensu
1358 2633 1494 2673 dican-

113 2718 183 2749 tur
218 2708 392 2759 ludicro,
421 2723 506 2764 quo
536 2706 615 2747 dici
647 2705 747 2747 solet
779 2720 852 2761 per
875 2705 1018 2760 jocum
1049 2703 1100 2743 de
1131 2717 1298 2759 prorsus
1327 2700 1489 2756 inepto;

112 2776 224 2833 quod
257 2777 307 2818 sit
336 2785 459 2833 aptus
490 2783 571 2817 tam
604 2774 787 2815 moribus
816 2787 941 2828 quam
973 2770 1149 2814 scientia.
1212 2771 1271 2810 Et
1301 2769 1340 2809 in
1368 2768 1492 2808 verbo
