1799 3077
335 168 419 210 5362
864 167 1200 208 PEARSONII

132 295 307 332 AEraevuig.
334 282 460 324 ferme
487 281 631 323 insulae
661 280 919 338 longitudine
938 291 1025 322 erat
1045 280 1199 330 dissita,
1225 280 1392 336 Sergius
1414 282 1568 323 Paulus
1588 283 1717 339 Cypri

173 338 271 367 XLV.
334 353 496 393 Procos.
519 351 691 392 verbum
722 350 803 391 Dei
835 348 979 390 audire
1005 349 1211 406 cupiebat,
1233 364 1384 405 eosque
1413 351 1644 393 accersivit:
1677 361 1717 394 et

155 424 275 453 Claudii
331 435 424 462 cum
451 420 631 461 obstaret
661 418 847 474 Elymas,
871 417 1021 458 Saulus
1045 417 1135 474 (qui
1155 423 1194 458 et
1214 418 1397 474 Paulus)
1420 434 1515 460 eum
1536 420 1716 462 caecitate

203 476 234 506 5·
330 489 544 547 percussit,
566 488 678 530 unde
699 489 865 529 Procos.
886 486 938 527 ad
959 486 1085 527 fidem
1105 501 1325 527 conversus
1344 495 1418 528 est.

386 560 536 600 Postea
556 556 713 598 Paulus
733 571 826 597 cum
858 555 941 596 suis
971 554 1181 611 navigavit
1201 555 1363 612 Papho,
1385 566 1426 597 et
1448 557 1624 612 Pergam
1647 571 1715 597 ur-

330 626 421 667 bem
442 624 701 682 Pamphyliae
721 624 858 671 venit;
893 623 966 665 ubi
993 638 1088 664 eum
1109 623 1259 664 deserit
1288 625 1316 664 J
1321 639 1486 675 oannes,
1516 635 1557 666 et
1583 640 1716 666 rever-

328 694 431 736 titur
461 693 774 750 Hierosolyma;
808 692 914 733 forte
940 692 1049 733 enim
1080 692 1296 733 audiverat
1322 692 1411 748 jam
1436 685 1523 733 'non
1553 702 1712 734 tantum

330 761 542 803 Herodem
570 769 782 803 mortuum
802 760 942 811 fuisse,
967 760 1038 801 sed
1068 762 1240 802 Petrum
1271 777 1293 802 e
1322 760 1489 802 latebris
1518 760 1716 818 prodiisse

328 839 367 871 et
407 829 705 888 Hierosolymis
744 829 871 871 libere
904 837 1113 870 versatum
1148 845 1248 871 esse.
1310 829 1468 871 Paulus
1501 838 1639 871 autem
1673 840 1713 870 et

326 900 539 941 Barnabas
559 915 610 940 ex
632 898 881 955 Pamphylia
900 898 1075 955 profecti
1094 907 1190 939 sunt
1210 898 1250 939 in
1272 897 1485 939 Pisidiam.

158 974 270 1003 XLVI·
385 969 436 1009 In
471 967 626 1010 Pisidia
657 967 730 1008 diu
758 966 986 1024 praedicant
1020 967 1266 1024 (praesertim
1295 967 1550 1021 Antiochiae)
1583 967 1712 1008 donee

152 1059 271 1088 Claudii
327 1037 500 1078 verbum
531 1036 612 1078 Dei
636 1036 969 1077 disseminaretur
998 1051 1073 1092 per
1104 1035 1336 1077 universam
1367 1035 1589 1090 regionem,
1621 1037 1708 1077 Act.

199 1101 228 1132 ⁶·
328 1104 412 1147 xiii.
430 1106 498 1150 49.

384 1173 539 1215 Pisidia
558 1172 680 1230 pulsi,
702 1172 873 1213 veniunt
892 1172 934 1213 in
957 1172 1225 1229 Lycaoniam,
1241 1172 1313 1214 ubi
1333 1173 1489 1214 adeunt
1511 1173 1708 1222 Iconium,

327 1241 366 1282 in
387 1257 471 1297 qua
491 1242 593 1283 urbe
613 1240 745 1282 multo
766 1250 950 1297 tempore
970 1241 1169 1283 demorati
1191 1249 1300 1291 sunt,
1322 1241 1407 1283 xiv.
1430 1243 1471 1282 3.

383 1310 525 1351 Iconio
553 1309 676 1366 pulsi,
698 1309 975 1366 confugerunt
999 1310 1050 1351 ad
1082 1310 1279 1360 civitates,
1308 1311 1504 1367 Lystram
1534 1319 1575 1350 et
1606 1311 1711 1351 Der-

324 1378 418 1429 ben,
452 1387 492 1419 et
526 1378 757 1419 universam
792 1378 834 1418 in
864 1378 1037 1419 circuitu
1072 1378 1297 1434 regionem,
1330 1378 1413 1420 xiv.
1436 1378 1476 1419 6.
1537 1380 1596 1420 Et
1626 1379 1707 1419 illic

323 1446 648 1503 evangelizantes
667 1454 797 1496 erant,
819 1460 902 1486 ver.
922 1447 959 1489 7.

148 1523 275 1553 XLVII.
380 1514 542 1571 Lystris
568 1530 642 1572 per
663 1514 946 1556 Antiochenos
967 1524 1008 1556 et
1029 1514 1261 1556 Iconienses
1290 1515 1408 1571 ejecti
1427 1515 1582 1556 adeunt
1603 1515 1710 1555 Der-

149 1611 267 1639 claudii
323 1583 417 1634 ben,
438 1584 510 1625 ubi
531 1583 879 1640 evangelizabant,
901 1592 941 1624 et
962 1583 1184 1640 discipulos
1210 1583 1363 1625 multos
1382 1583 1599 1633 faciebant,
1621 1596 1705 1624 ver.

197 1662 224 1692 7·
323 1653 388 1692 21.

379 1720 520 1761 Derbe
554 1730 816 1762 revertuntur
850 1722 1042 1778 Lystram
1080 1729 1121 1761 et
1153 1722 1342 1763 Iconium
1373 1730 1414 1762 et
1441 1719 1705 1762 Antiochiam

324 1787 503 1838 Pisidiae,
523 1789 811 1844 confirmantes
841 1791 1001 1830 animos
1034 1789 1347 1845 discipulorum,
1369 1789 1708 1846 eoelzortantesque

320 1863 368 1897 ut
388 1864 685 1913 permanerent
713 1858 760 1897 in
775 1903 782 1911 ‚
782 1858 880 1912 fide.
942 1858 1000 1898 Et
1019 1859 1324 1900 constituerunt
1342 1859 1427 1899 illis
1449 1872 1532 1914 per
1557 1859 1705 1914 singu-

320 1925 383 1965 las
403 1926 613 1966 Ecclesiam
625 1927 904 1982 presbyteros,
926 1925 1007 1966 xiv.
1030 1927 1099 1976 22,
1119 1927 1184 1967 23.

376 1993 479 2034 Inde
498 2003 785 2050 pertranseunt
805 1993 1002 2035 Pisidiam
1022 2004 1063 2036 et
1082 1995 1254 2036 veniunt
1273 1995 1314 2035 in
1338 1995 1638 2052 Pamphyliam.

378 2062 604 2118 Postquam
636 2064 782 2119 Pergae
814 2078 956 2104 rursus
984 2062 1288 2119 praedicassent,
1312 2072 1460 2120 petunt
1486 2063 1703 2113 Attaliam,

320 2138 360 2170 et
384 2129 480 2170 inde
512 2130 751 2187 navigantes
781 2130 957 2172 redeunt
987 2130 1253 2172 Antiochiam
1283 2131 1427 2187 Syriae,
1449 2131 1521 2172 ubi
1550 2130 1705 2172 itineris

320 2197 382 2238 sui
402 2198 599 2239 rationem
620 2198 814 2240 Ecclesiae
833 2198 1027 2240 reddunt.

135 2279 279 2307 XLvnl.
377 2265 534 2307 Paulus
553 2276 595 2307 et
614 2267 825 2308 Barnabas
846 2266 1080 2308 Antiochiae
1102 2282 1183 2307 non
1203 2266 1411 2308 modicum
1433 2275 1596 2322 tempus
1616 2281 1702 2307 mo-

144 2365 263 2393 Claudii
319 2333 396 2374 rati
416 2342 512 2375 sunt
531 2349 625 2375 cum
646 2334 869 2391 discipulis,
891 2349 974 2375 ver.
992 2336 1060 2376 28.

190 2405 220 2435 8-
376 2402 491 2442 Tum
522 2416 619 2442 vero
639 2401 929 2442 descendentes
949 2401 1001 2443 de
1022 2403 1050 2442 J
1056 2402 1176 2443 udaea
1202 2402 1371 2458 quidam
1396 2402 1597 2444 docebant
1620 2403 1701 2443 fra-

319 2477 420 2509 tres:
462 2471 573 2517 Quia
601 2471 687 2511 nisi
718 2470 1073 2511 circumcidamini
1105 2472 1328 2512 secundum
1358 2486 1510 2512 morem
1540 2472 1699 2527 Moysi,

317 2552 399 2577 ‘non
411 2539 585 2593 potestis
604 2539 780 2589 salvari,
804 2540 901 2580 Act.
918 2555 986 2579 xv.
1008 2540 1028 2579 1
1040 2570 1048 2579 .

376 2605 488 2645 Hinc
507 2615 597 2647 orta
616 2615 676 2647 est
696 2608 841 2648 seditio
861 2617 902 2648 et
921 2609 1109 2664 quaestio,
1133 2607 1216 2649 sive
1237 2607 1478 2664 disceptatio
1496 2623 1579 2649 non
1592 2621 1698 2664 par-

317 2686 384 2722 va,
407 2672 489 2713 sive
518 2673 623 2715 bene
653 2674 788 2729 longa,
820 2675 926 2716 inter
957 2675 1154 2725 Paulum,
1186 2676 1398 2717 assistente
1425 2675 1630 2724 Barnaba,
1657 2684 1697 2714 et

314 2738 403 2779 illos
422 2740 451 2780 J
456 2740 705 2783 udaizantes.

370 2807 618 2849 Antiocheni
647 2820 782 2851 autem
806 2811 1074 2866 quaestionem
1097 2811 1201 2852 hanc
1223 2811 1493 2853 determinare
1521 2826 1600 2850 non
1630 2826 1697 2851 va-
