1799 3077
266 141 350 183 326
594 141 829 182 NOELLI
863 106 1329 181 CA'rEcmsMUs

325 257 389 297 M.
433 257 522 297 Cur
551 255 758 296 Dominus
787 254 915 310 igitur
945 255 974 294 J
979 253 1104 294 udam
1136 250 1421 309 hproditorem
1453 265 1478 291 a
1508 251 1649 291 Coenae

267 340 352 366 suae
372 323 658 365 communione
678 338 760 363 non
781 323 975 363 arcebat?

323 394 379 434 A.
413 392 520 443 Quia
550 391 638 447 ejus
667 390 868 447 impietas,
900 399 996 431 utut
1025 398 1111 430 erat
1140 387 1321 430 Domino
1351 387 1529 444 cognita,
1550 399 1651 426 non-

267 461 368 502 dum
389 471 476 502 erat
495 460 631 517 palam
652 469 760 500 nota.

326 531 389 571 M.
422 528 676 586 Hypocritas
696 543 794 584 ergo
816 526 1000 568 Ministri
1020 541 1157 567 arcere
1177 541 1259 566 non
1280 526 1483 581 possunt?

325 601 381 640 A.
413 597 542 649 iNon,
562 597 700 653 quoad
721 596 882 637 occulta
902 611 1045 637 eorum
1065 595 1250 651 nequitia
1269 594 1408 636 fuerit.

326 669 390 708 M.
435 668 576 717 Quum
608 681 705 722 ergo
738 665 1009 707 Sacramentis
1038 664 1136 706 boni
1166 664 1319 720 pariter
1352 679 1399 704 ac
1431 662 1527 703 mali
1558 677 1653 718 pro-

267 737 421 777 miscue
441 744 482 776 et
502 733 773 775 communiter
795 743 982 784 utantur,
1005 749 1100 790 quae
1120 742 1256 790 potest
1276 732 1316 773 in
1337 732 1416 773 illis
1436 740 1547 772 certa
1565 745 1652 772 esse

267 813 392 860 atque
423 803 577 844 stabilis
604 802 941 843 conscientiarum
969 801 1136 853 fiducia,
1164 801 1278 857 quod
1306 810 1351 842 tu
1378 799 1504 857 paulo
1534 807 1653 840 antea

268 872 526 914 affirmabas?

327 942 382 980 A.
416 939 613 989 Quamvis
633 939 652 968 k
666 939 794 996 impii,
818 948 1022 995 quantum
1043 939 1095 979 ad
1118 938 1228 995 ipsos
1249 947 1417 995 spectat,
1441 936 1522 978 Dei
1542 936 1652 977 dona

269 1008 311 1048 in
334 1008 604 1049 Sacramentis
624 1008 761 1049 oblata
781 1024 863 1049 non
884 1008 1095 1064 recipiant,
1117 1007 1187 1048 sed
1207 1018 1417 1063 respuant,
1440 1015 1480 1046 et
1501 1005 1652 1060 seipsos

269 1076 544 1123 frustrentur3
580 1075 658 1132 lpii
688 1086 838 1126 tamen,
861 1076 934 1132 qui
963 1091 1037 1131 per
1068 1075 1215 1116 Fidem
1243 1074 1456 1116 Christum
1487 1073 1528 1113 in
1558 1072 1650 1122 illis,

270 1145 442 1202 ejusque
462 1145 636 1201 gratiam
657 1154 866 1201 quaerunt,
884 1144 1039 1201 optima
1061 1143 1207 1185 mentis
1227 1142 1485 1193 conscientia,
1504 1151 1544 1182 et
1559 1157 1654 1182 con-

271 1213 465 1255 solatione
483 1213 727 1269 gratissima,
748 1229 798 1254 ex
820 1213 974 1264 salutis,
997 1222 1122 1268 atque
1144 1212 1283 1253 solidae
1303 1211 1654 1252 foelicitatisscerta

271 1298 342 1339 spe
361 1297 575 1338 nunquam
596 1281 894 1333 destituuntur,
916 1291 989 1323 aut
1009 1281 1267 1322 fraudantur.

329 1352 392 1391 M.
426 1352 488 1391 At
515 1350 547 1391 si
568 1366 671 1406 quos
700 1352 846 1391 Pastor
873 1350 1064 1406 indignos
1090 1365 1175 1390 esse
1196 1349 1260 1390 vel
1288 1349 1374 1405 ipse
1400 1347 1653 1404 cognoverit,

269 1420 332 1460 vel
364 1419 468 1460 clam
498 1419 733 1460 admonitus
763 1419 902 1469 fuerit,
931 1435 999 1460 eos
1028 1427 1136 1460 certe
1156 1434 1180 1459 a
1200 1417 1487 1459 communione
1517 1415 1653 1458 licebit

271 1487 487 1529 excludere
502 1490 518 1528 ?

327 1557 383 1596 A.
417 1556 542 1597 Tales
562 1566 603 1598 et
623 1556 886 1598 concionibus
905 1556 1095 1613 publiciS,
1112 1555 1236 1597 modo
1256 1571 1308 1596 ne
1328 1554 1567 1596 nominatim
1585 1568 1654 1594 eos

270 1626 466 1681 proferat,
488 1635 561 1666 aut
580 1625 791 1666 infamiam
812 1625 890 1666 illis
911 1625 1164 1666 maculamve
1184 1625 1336 1674 inurat,
1359 1623 1429 1665 sed
1456 1639 1541 1664 suae
1566 1633 1654 1663 tan-

271 1703 359 1734 tum
381 1694 636 1735 conscientiae
659 1693 902 1750 suspicione,
923 1704 963 1735 et
978 1694 1214 1750 conjectura
1229 1709 1296 1734 eos
1312 1692 1579 1749 perstringat,
1596 1699 1656 1732 at-

271 1778 352 1818 que
373 1772 582 1818 coarguat,
605 1772 646 1803 et
666 1762 885 1803 admonere
906 1762 1042 1811 debet,
1060 1772 1100 1802 et
1120 1761 1311 1818 privatim
1332 1760 1512 1818 graviter
1532 1759 1651 1801 etiam

271 1831 475 1871 deterrere
505 1839 666 1886 potest3
700 1845 836 1870 arcere
856 1845 953 1870 vero
983 1846 1007 1870 a
1037 1829 1335 1880 communione,
1366 1828 1442 1869 nisi
1471 1827 1655 1884 legitima

271 1898 466 1940 Ecclesiae
487 1898 680 1955 cognitio,
697 1898 988 1954 judiciumque
1008 1897 1292 1947 intercesserit,
1314 1912 1395 1937 non
1417 1897 1564 1937 licebit.

330 1969 392 2007 M.
427 1967 549 2018 Quod
570 1983 668 2023 ergo
687 1967 914 2008 remedium
945 1967 1042 2008 huic
1067 1966 1174 2007 malo
1203 1966 1494 2007 inveniendum
1516 1975 1576 2006 est
1596 1974 1656 2006 at-

272 2051 353 2092 que
373 2035 653 2076 adhibendum
668 2038 684 2075 Ρ

329 2106 383 2144 A.
420 2105 470 2144 In
499 2103 692 2144 Ecclesiis
721 2103 825 2144 bene
855 2103 1053 2145 institutis
1083 2113 1209 2159 atque
1240 2102 1420 2154 moratis,
1452 2110 1575 2152 certa,
1607 2110 1655 2142 ut

272 2182 436 2214 mantea
470 2172 570 2221 dixi,
603 2172 706 2213 ratio
736 2181 861 2227 atque
890 2172 992 2213 ordo
1025 2171 1334 2228 gubernationis
1365 2171 1657 2212 instituebatur

271 2250 397 2296 atque
429 2240 734 2280 observabatur.
797 2239 1099 2295 Deligebantur
1133 2240 1321 2290 seniores,
1353 2239 1395 2280 id
1428 2247 1488 2279 est
1519 2237 1657 2294 Magi-

274 2317 424 2349 stratus
464 2308 752 2358 Ecclesiastici,
790 2308 862 2364 qui
903 2308 1157 2365 disciplinam
1197 2307 1505 2349 ecclesiasticam
1546 2315 1655 2347 tene-

274 2387 378 2426 rent,
401 2389 526 2432 atque
547 2376 736 2416 colerent.
798 2376 871 2416 Ad
899 2376 973 2417 lios
1003 2377 1243 2427 authoritas,
1267 2375 1576 2425 animadversio,
1599 2384 1658 2415 at-

275 2458 356 2499 que
376 2444 587 2500 castigatio
607 2443 788 2495 censoria
808 2443 1093 2500 pertinebant3
1129 2445 1202 2485 nhi
1230 2444 1415 2486 adhibito
1435 2443 1557 2484 etiam
1579 2443 1657 2482 Pa-

319 2574 333 2594 ᾖ
361 2576 441 2605 Mat.
460 2578 548 2607 xxvi.
567 2586 619 2614 21,
639 2587 690 2615 22,
710 2578 767 2608 ἃς.
815 2577 917 2608 Marc.
935 2579 998 2608 xiv.
1019 2578 1068 2614 18,
1089 2588 1138 2619 19,
1158 2580 1215 2609 ἃς.
1259 2580 1353 2608 Joan.
1370 2578 1436 2608 xiii.
1459 2576 1510 2614 26,
1529 2583 1581 2616 27,
1599 2577 1656 2606 ἃς.

275 2627 281 2648 i
312 2638 320 2658 ι
343 2629 416 2659 Cor.
434 2641 462 2659 v.
706 2630 721 2651 k
744 2633 838 2661 Joan.
856 2632 922 2662 xiii.
941 2632 993 2667 26,
1013 2639 1061 2672 27.
1085 2633 1167 2663 Rom
1196 2632 1241 2662 iii.
1257 2642 1290 2671 3,
1306 2641 1336 2670 4.
1364 2642 1376 2662 1
1397 2632 1470 2661 Cor.
1488 2641 1515 2660 x.
1535 2640 1586 2666 21,
1605 2639 1655 2660 22.

275 2681 282 2703 ¹
311 2692 322 2712 1
344 2683 418 2712 Cor.
435 2694 465 2713 x.
481 2683 528 2714 16.
552 2684 595 2714 xi.
616 2684 667 2721 28,
682 2694 734 2723 31·
850 2691 872 2705 ¹⁷¹
892 2686 973 2716 Mat.
990 2686 1078 2716 xviii.
1099 2694 1148 2726 15,
1170 2687 1220 2723 16,
1240 2693 1289 2726 17.
1314 2686 1384 2716 Act.
1399 2685 1462 2715 xiv.
1481 2693 1531 2723 23.
1554 2693 1606 2714 xv.
1621 2692 1655 2721 4,

277 2735 309 2774 6,
328 2745 380 2774 22,
400 2746 449 2774 24.
474 2747 525 2767 xx.
545 2745 594 2776 17,
613 2738 662 2768 28.
689 2748 700 2768 1
722 2739 796 2768 Cor.
813 2738 854 2769 vi.
872 2749 900 2775 1,
919 2749 947 2769 2.
972 2740 1027 2769 xii.
1045 2740 1094 2769 28.
1118 2740 1181 2771 xiv.
1197 2739 1249 2776 26,
1262 2750 1312 2778 40.
1342 2749 1353 2770 1
1372 2739 1498 2769 Tim.v.
1516 2746 1563 2778 17.
1587 2737 1654 2768 Tit.

276 2790 297 2822 i.
315 2798 344 2831 5.
477 2797 490 2810 ¹¹
520 2792 669 2821 1('or.v.
693 2801 767 2830 1‚4‚
786 2802 815 2831 5.
840 2792 883 2823 xi.
907 2793 954 2830 16,
977 2793 1026 2831 18,
1046 2795 1101 2824 &c
