1799 3077
249 127 334 169 9270
577 123 813 166 NOELLI
847 124 1313 166 CATECHISMUS.

247 238 471 294 cordiaque
491 252 573 279 non
597 245 694 278 sunt
713 237 870 287 confisi,
891 238 1047 294 quique
1067 238 1171 294 pios,
1193 248 1303 279 terra
1331 238 1517 294 marique
1547 255 1639 296 per-

249 315 481 361 sequente-S,
502 305 695 347 omnibus
715 304 877 361 injuriis
896 305 1136 356 affecerunt,
1155 304 1409 362 summisque
1430 307 1642 363 suppliciis

250 383 292 415 et
313 374 515 415 mortibus
534 372 825 415 crudelissimis
845 382 1092 425 mactarunt,
1114 389 1210 416 cum
1240 376 1392 415 Satana
1415 385 1541 431 atque
1563 378 1642 418 Ca-

250 442 558 483 codaemonibus
590 440 791 482 universis
820 440 863 481 in
896 441 1147 483 destinatum
1177 442 1275 498 ipsis
1303 442 1531 484 inferorum
1559 460 1645 485 car-

252 524 401 560 cerem,
423 508 645 565 impietatis
675 518 716 549 et
746 508 945 549 scelerum
972 509 1191 559 vindicem,
1213 518 1254 550 et
1282 511 1470 552 tenebras
1499 527 1644 568 perpe-

253 587 347 619 tuas
367 576 659 633 conjicientur3
693 575 766 617 ubi
792 575 988 617 scelerum
1011 592 1179 618 suorum
1200 578 1459 629 conscientia,
1482 589 1522 620 et
1543 595 1646 620 sem-

254 645 417 702 piterno
451 645 561 700 igne,
592 654 719 700 atque
748 644 861 685 omni
894 659 1140 701 summoque
1174 645 1376 702 supplicio
1407 647 1644 698 excruciati,

253 723 427 755 aeternas
465 728 609 769 poenas
645 712 821 763 dabunt,
857 722 983 769 atque
1017 713 1265 770 dependent.
1338 715 1446 755 Nam
1478 716 1593 772 quod
1622 732 1647 757 a

253 780 497 822 mortalibus
516 780 559 821 in
585 780 668 821 Dei
694 780 936 822 immortalis
965 781 1221 833 immensam,
1243 782 1529 840 infinitamque
1551 786 1647 826 Ma-

247 850 441 905 jestatem
467 858 682 905 peccatum
709 858 784 900 est,
805 849 967 891 infinito
988 850 1110 892 etiam
1137 860 1424 909 perpetuoque
1445 853 1648 910 supplicio

255 917 430 973 dignum
452 925 524 958 est.

314 986 379 1025 M.
413 984 576 1025 Ultimo
607 983 768 1040 judicio
797 985 944 1027 mundi
973 986 1067 1027 finis
1098 987 1345 1043 conjunctus
1374 997 1449 1040 est,
1481 989 1533 1030 de
1563 1005 1650 1046 quo

256 1053 440 1110 apertius
460 1052 597 1094 adhuc
618 1053 822 1109 explicare
844 1062 884 1095 te
904 1054 1042 1095 velim.

314 1121 370 1161 A.
415 1120 573 1161 Mundi
615 1120 740 1161 finem
772 1121 1014 1177 hujusmodi
1048 1122 1239 1163 futurum
1272 1139 1358 1164 esse
1387 1123 1652 1180 quostolus

257 1197 561 1230 commemorat.
627 1189 793 1230 Coelum
832 1189 1023 1246 procellae
1062 1190 1103 1231 in
1144 1206 1299 1232 morem
1334 1191 1537 1243 transibit,
1574 1192 1653 1233 ele-

258 1266 398 1298 menta
417 1257 635 1298 aestuantia
656 1257 881 1308 solventur,
899 1267 1008 1299 terra
1028 1268 1068 1299 et
1083 1274 1178 1314 quae
1197 1259 1238 1299 in
1260 1275 1308 1300 ea
1328 1269 1424 1301 sunt
1445 1260 1651 1310 universa,

259 1325 427 1366 flamma
446 1325 785 1381 conflagrabunt;
820 1325 939 1382 quasi
959 1326 1111 1368 diceret
1133 1327 1219 1368 fore
1248 1327 1486 1384 aliquando,
1509 1338 1557 1369 ut
1587 1328 1653 1369 hic

259 1393 443 1434 mundus
463 1393 610 1433 ardore
631 1392 876 1449 deflagrans,
898 1394 1010 1434 omni
1041 1410 1116 1436 suo
1134 1395 1235 1436 vitio
1255 1411 1329 1452 per
1347 1396 1484 1452 ignem
1509 1397 1589 1449 (uti
1610 1396 1653 1437 in

260 1476 364 1501 auro
384 1460 473 1501 fieri
494 1460 702 1515 videmus)
726 1469 909 1511 excocto,
932 1470 1044 1502 totus
1073 1471 1337 1519 repurgetur,
1359 1472 1485 1519 atque
1513 1464 1555 1504 in
1583 1465 1654 1505 ab-

262 1528 439 1570 solutam
480 1540 777 1584 summamque‘
813 1528 1108 1584 perfectionem
1149 1539 1385 1581 renovetur,
1424 1531 1656 1587 faciemque

262 1595 410 1637 induat
458 1595 580 1652 longe
629 1596 967 1652 pulcherrimam,
1002 1612 1098 1653 quae
1133 1598 1389 1654 sempiternis
1424 1598 1655 1640 seculorum

264 1663 457 1705 aetatibus
498 1679 582 1704 non
622 1664 923 1706 immutabitur.
997 1667 1093 1707 Hoc
1128 1666 1236 1708 enim
1271 1675 1332 1708 est
1366 1667 1481 1723 quod
1519 1666 1658 1708 Divus

267 1732 445 1772 rPetrus
465 1731 543 1773 ait:
579 1732 743 1773 Coelum
775 1748 945 1784 novum,
981 1743 1022 1774 et
1054 1744 1204 1776 terram
1236 1751 1400 1786 novam,
1431 1735 1475 1776 in
1504 1735 1659 1792 quibus

260 1799 425 1856 justitia
459 1799 720 1851 inhabitabit,
754 1801 980 1843 secundum
1011 1803 1321 1858 promissionem
1357 1803 1438 1845 Dei
1470 1813 1656 1860 expecta-

267 1882 372 1908 mus.
433 1870 582 1924 Neque
602 1884 701 1910 vero
720 1885 745 1910 a
764 1869 846 1911 fide
866 1870 1074 1921 abhorret,
1097 1881 1145 1912 ut
1174 1881 1405 1928 peccatum,
1427 1872 1484 1913 ita
1503 1882 1544 1913 et
1571 1888 1659 1914 cor-

269 1935 503 1991 ruptionem
524 1945 537 1964 s
551 1952 704 1988 rerum,
726 1946 853 1993 atque
883 1939 1215 1990 mutabilitatem,
1238 1950 1468 1996 caeteraque
1488 1956 1538 1982 ex
1567 1957 1659 1998 pec-

269 2012 361 2045 cato
381 2013 501 2045 enata
521 2005 644 2055 mala,
662 2005 886 2062 aliquando
905 2007 1072 2048 tandem
1092 2008 1216 2049 finem
1238 2024 1323 2050 esse
1342 2009 1547 2050 habitura.
1579 2010 1660 2050 At-

270 2087 353 2128 que
383 2072 471 2114 haec
501 2082 562 2114 est
592 2088 753 2115 summa
783 2076 974 2117 secundae
1003 2076 1134 2131 partis
1153 2076 1272 2118 Fidei
1294 2077 1554 2128 Christianae,
1576 2093 1661 2133 qua

273 2148 359 2180 tota
379 2140 673 2197 redemptionis
694 2151 844 2184 nostrae
870 2158 944 2199 per
964 2144 994 2184 J
998 2159 1113 2184 esum
1134 2144 1348 2186 Christum
1379 2145 1548 2187 historia
1568 2160 1663 2186 con-

273 2207 439 2248 tinetur.

332 2276 395 2316 M.
430 2277 571 2325 Quum
602 2292 701 2333 ergo
721 2277 773 2318 de
800 2279 894 2319 Deo
925 2279 1051 2319 Patre
1080 2280 1304 2331 conditore,
1327 2281 1463 2337 deque
1483 2281 1573 2337 ejus
1595 2280 1663 2321 Fi-

274 2343 328 2384 lio
349 2344 378 2383 J
382 2359 454 2384 esu
476 2344 644 2385 Christo
675 2354 878 2386 servatore
902 2345 990 2402 jam
1018 2346 1184 2398 dixeris,
1206 2348 1249 2389 id
1279 2359 1354 2398 est,
1375 2349 1479 2390 duas
1508 2349 1664 2390 confes-

276 2410 398 2451 sionis
420 2411 666 2453 Christianae
697 2422 834 2468 partes
863 2413 1106 2461 absolveris3
1133 2415 1221 2471 jam
1248 2416 1300 2457 de
1327 2416 1448 2458 tertia
1473 2416 1571 2458 libet
1592 2432 1664 2458 au-

277 2478 380 2528 dire,
398 2479 500 2536 quid
521 2479 573 2520 de
595 2481 779 2521 Spuma
803 2495 975 2522 SANCTO
996 2482 1149 2522 credas.

335 2547 391 2585 A.
426 2546 552 2587 Illum
586 2547 747 2588 tertiam
780 2553 1016 2604 tpersonam
1049 2550 1310 2592 sanctissimae
1333 2551 1551 2593 Trinitatis
1580 2567 1665 2592 esse

323 2655 337 2673 ‘1
362 2649 443 2679 Mat.
459 2650 546 2680 xxiv.
564 2660 617 2691 29,
634 2661 689 2690 30,
706 2662 760 2691 32.
786 2662 802 2683 2
820 2653 887 2683 Pet.
904 2653 949 2683 iii.
970 2663 1018 2691 10,
1041 2664 1090 2692 11,
1106 2656 1165 2686 &c.
1225 2663 1236 2677 ¹·
1254 2665 1270 2686 2
1286 2657 1353 2687 Pet.
1370 2657 1415 2687 iii.
1436 2666 1483 2694 13.
1544 2662 1554 2675 ⁸
1570 2656 1665 2687 Rom.

281 2701 348 2731 viii.
371 2711 420 2742 19,
440 2711 491 2739 22,
510 2704 570 2733 διο.
595 2714 612 2734 2
629 2705 696 2735 Pet.
714 2705 759 2736 iii.
779 2715 827 2744 13.
852 2706 951 2745 Apoc.
968 2708 1035 2738 xxi.
1057 2718 1083 2738 1.
1233 2712 1241 2729 ²
1266 2710 1346 2741 Mat.
1365 2709 1477 2740 xxviii.
1498 2719 1546 2750 ¹9·
1568 2710 1666 2742 doun.

283 2756 347 2786 xiv.
366 2755 416 2786 26.
442 2765 493 2786 xv.
513 2756 562 2786 26.
586 2758 651 2787 xvi.
674 2766 701 2796 7.
726 2769 779 2788 xx.
798 2768 845 2789 22.
879 2763 951 2790 Act.
969 2771 996 2789 v.
1013 2770 1045 2798 3,
1063 2770 1093 2799 4.
