1799 3077
69 742 215 771 Ecclesiae
228 742 274 771 vi-

70 785 168 814 sibilis
184 786 237 814 de-

67 828 206 867 scriptio.

292 143 375 187 276
620 144 855 186 NOELLI
890 143 1356 185 CATECHISMUS.

291 257 417 313 signis
437 257 626 314 cognosci
654 266 857 313 perpetuo
886 265 1035 313 potest.
1094 258 1175 297 Est
1203 266 1339 297 tamen
1360 264 1401 296 et
1419 254 1587 297 visibilis
1607 271 1678 296 seu

292 325 522 381 spectabilis
543 325 624 366 Dei
646 324 845 375 Ecclesia,
868 325 988 380 cujus
1008 324 1125 366 nobis
1145 324 1296 365 indicia
1319 335 1518 380 notasque
1545 333 1679 365 osten-

290 394 351 436 dit
371 403 496 450 atque
516 393 721 450 patefacit.

348 463 413 503 Μ.
446 463 540 512 Quo
561 477 659 517 ergo
680 470 766 501 tota
786 461 874 501 haec
892 461 1087 502 Ecclesiae
1109 461 1296 502 tractatio
1317 460 1463 502 clarior
1482 461 1568 511 fiat,
1585 460 1679 501 visi-

287 529 412 570 bilem
434 529 544 570 illam
561 528 802 577 Ecclesiam,
820 527 878 568 ita
898 527 997 568 mihi
1020 527 1102 569 suis
1123 529 1229 569 notis
1250 528 1458 584 signisque
1478 528 1676 577 describe,

288 606 329 638 et
349 597 465 653 quasi
492 597 685 653 depinge,
709 605 755 636 ut
785 595 837 636 ab
868 595 947 636 alia
968 595 1113 652 quavis
1140 595 1355 636 hominum
1387 596 1576 637 societate
1597 596 1677 637 dis-

287 674 489 706 cernatur.
1265 674 1268 675 ’

348 736 404 776 A.
438 733 644 789 Experiar
665 732 874 788 quomodo
896 747 1021 788 quam
1043 732 1197 788 optime
1217 732 1259 773 id
1286 731 1438 788 possim
1468 741 1676 788 praestare.

288 801 467 842 Visibilis
488 800 674 841 Ecclesia
694 816 775 840 non
805 808 865 840 est
895 799 1023 849 aliud,
1045 815 1171 855 quam
1193 809 1303 840 certa
1322 801 1512 856 quaedam
1538 799 1678 840 multi-

287 868 391 910 tudo
417 869 647 919 hominum,
670 868 742 924 qui
773 868 815 908 in
837 883 1087 924 quocunque
1117 867 1206 909 loco
1237 867 1331 918 sint,
1352 883 1501 923 puram
1522 877 1562 908 et
1583 882 1677 923 syn-

286 952 421 978 ceram
443 936 714 992 fprofitentur
730 935 958 975 doctrinam
978 934 1131 976 Christi
1149 951 1160 982 ;
1192 934 1302 976 illam
1324 935 1454 990 ipsam
1470 933 1673 983 videlicet,

286 1019 413 1060 quam
434 1002 713 1058 Evangelistae
734 1012 860 1057 atque
881 1002 1075 1058 Apostoli
1098 1003 1315 1042 Sacrarum
1336 1002 1546 1042 literarum
1573 1016 1676 1041 sem-

285 1070 457 1127 piternis
491 1070 767 1111 monumentis
802 1070 977 1110 fideliter
1008 1069 1214 1110 memoriae
1246 1069 1544 1126 prodiderunt3
1583 1068 1674 1124 qui-

286 1154 369 1193 que
390 1139 530 1179 Deum
552 1139 719 1179 Patrem
741 1146 760 1174 g
774 1137 928 1178 Christi
949 1137 1113 1178 nomine
1133 1153 1228 1178 vere
1249 1137 1465 1184 invocant3
1498 1146 1676 1177 utuntur

286 1215 487 1263 praeterea
507 1206 596 1261 ejus
616 1205 833 1262 mysteriis,
852 1220 947 1261 quae
970 1205 1119 1246 usitato
1139 1205 1256 1246 nobis
1276 1204 1478 1246 vocabulo
1497 1204 1517 1232 h
1535 1205 1675 1245 Sacra-

285 1283 424 1315 menta
443 1273 719 1330 appellantur,
742 1273 883 1313 eadem
910 1272 1104 1328 puritate,
1125 1282 1166 1313 et
1187 1272 1444 1328 simplicitate
1467 1271 1597 1327 (quod
1620 1271 1674 1311 ad

284 1342 468 1398 ipsorum
499 1353 689 1382 naturam
722 1341 887 1395 attinet)
910 1356 995 1396 qua
1023 1340 1086 1381 usi
1116 1350 1226 1391 sunt,
1247 1350 1289 1382 et
1315 1340 1443 1381 literis
1462 1339 1674 1395 consigna-

285 1419 385 1450 runt
405 1408 598 1464 Apostoli
619 1408 785 1449 Christi.

346 1477 412 1516 M.
449 1475 626 1516 Visibilis
646 1491 744 1530 ergo
765 1475 962 1516 Ecclesiae
983 1484 1100 1516 notas
1130 1492 1216 1517 esse
1245 1475 1345 1517 dicis
1375 1475 1608 1531 Evangelii,
1630 1474 1673 1514 id

286 1554 347 1584 est
378 1543 670 1584 beneficiorum
706 1543 874 1593 Christi,
910 1544 1258 1599 praedicationem,
1289 1543 1601 1592 invocationem,
1633 1551 1674 1583 et

288 1612 645 1652 sacramentorum
666 1610 1056 1652 administrationem
1080 1627 1303 1668 synceram.

342 1680 397 1720 A.
434 1681 540 1720 Sunt
559 1679 624 1720 hae
645 1679 813 1734 quidem
835 1679 1031 1720 Ecclesiae
1051 1679 1220 1720 visibilis
1250 1688 1359 1720 notae
1385 1678 1606 1735 praecipuae
1632 1689 1672 1719 et

285 1747 407 1803 plane
427 1747 687 1793 necessariae,
721 1755 768 1787 ut
789 1746 874 1787 sine
890 1747 1042 1801 quibus
1063 1763 1113 1788 ne
1130 1747 1315 1788 Ecclesia
1330 1747 1498 1803 quidem
1517 1746 1672 1788 Christi

286 1830 385 1865 esse,
407 1814 539 1855 dicive
560 1824 668 1855 recte
688 1814 826 1870 possit.
880 1814 961 1855 Sed
982 1824 1023 1855 et
1042 1815 1085 1855 in
1106 1815 1249 1856 eadem
1270 1815 1467 1865 Ecclesia,
1491 1814 1523 1855 si
1544 1814 1672 1870 probe

285 1883 474 1923 instituta
493 1882 633 1933 fuerit,
655 1891 790 1923 certus
819 1882 1127 1938 gubernationis
1148 1882 1271 1923 iordo
1302 1892 1340 1923 et
1372 1883 1533 1932 modus,
1554 1882 1673 1923 disci-

284 1951 490 2008 plinaeque
512 1950 810 1991 Ecclesiasticae
835 1966 881 1991 ea
912 1950 1015 1992 ratio
1041 1951 1340 2001 observabitur,
1363 1966 1414 1991 ne
1434 1950 1604 2006 impune
1625 1950 1672 1990 li-

285 2029 373 2060 ceat
401 2019 609 2074 cuiquam,
631 2019 704 2074 qui
724 2018 767 2059 in
795 2019 866 2059 illo
895 2035 1021 2075 grege
1041 2028 1240 2069 versatur,
1262 2019 1426 2075 publice
1446 2018 1669 2074 quicquam

285 2086 424 2142 impie,
446 2087 697 2142 flagitioseve
719 2087 782 2127 vel
804 2087 952 2137 dicere,
974 2087 1039 2127 vel
1058 2087 1216 2134 facere;
1249 2087 1435 2142 adeoque
1456 2095 1503 2127 ut
1530 2101 1670 2128 omnes

284 2168 453 2209 prorsus
483 2154 737 2204 offensiones,
764 2154 805 2194 in
835 2154 906 2194 illa
934 2154 1149 2194 hominum
1179 2154 1508 2210 congregatione,
1531 2153 1669 2209 quoad

285 2221 374 2277 ejus
394 2222 481 2262 fieri
502 2230 651 2278 potest,
674 2221 840 2263 omnino
863 2222 1054 2263 vitentur.
1113 2223 1266 2263 Verum
1288 2222 1450 2263 labente
1470 2221 1669 2278 paulatim

279 2290 367 2345 jam
383 2289 480 2330 olim
500 2290 577 2330 hac
594 2290 821 2346 disciplina,
839 2299 887 2330 ut
907 2298 1002 2330 sunt
1021 2289 1143 2330 hodie
1161 2290 1358 2345 corrupti,
1375 2289 1670 2345 depravatique

285 2357 469 2398 omnium
500 2373 647 2407 mores,
670 2358 847 2398 maxime
867 2373 964 2398 vero
984 2357 1159 2398 divitum
1190 2367 1315 2413 atque
1344 2366 1575 2413 potentum,
1597 2357 1670 2412 qui

285 2436 561 2480 peccatorum,
583 2425 768 2482 adeoque
799 2425 996 2466 scelerum
1017 2425 1201 2465 omnium
1221 2425 1523 2481 impunitatem,
1545 2433 1670 2480 atque

330 2558 343 2579 f
362 2562 447 2592 Esai.
465 2563 506 2592 lv.
524 2573 572 2593 11.
596 2563 677 2593 Mat.
693 2572 725 2592 x.
743 2571 790 2600 14.
817 2561 927 2592 xxviii.
943 2572 991 2603 19.
1017 2563 1094 2593 Luc.
1109 2563 1193 2593 xxiv.
1207 2569 1258 2602 47.
1284 2563 1378 2592 Rom.
1396 2573 1428 2592 x.
1443 2562 1475 2599 8,
1492 2572 1522 2602 9.
1550 2571 1565 2592 2
1579 2561 1667 2592 Tim.

288 2613 310 2643 i.
330 2623 378 2643 10.
501 2622 515 2641 g
537 2617 632 2646 Joan.
651 2617 716 2646 xiv.
736 2626 784 2655 13.
806 2627 858 2646 xv.
875 2615 922 2646 16.
947 2616 1011 2646 xvi.
1031 2624 1082 2653 23.
1211 2616 1226 2636 ¹¹
1252 2617 1331 2646 Mat.
1349 2616 1461 2645 xxviii.
1484 2625 1531 2654 19.
1560 2625 1571 2644 1
1591 2615 1666 2645 Cor.

287 2667 330 2697 xi.
348 2667 398 2697 28.
550 2668 557 2688 i
581 2670 663 2699 Mat.
680 2670 768 2699 xviii.
789 2678 838 2709 15,
860 2669 909 2706 16,
931 2676 978 2709 17.
1008 2680 1019 2699 1
1041 2667 1113 2700 Cor.
1128 2670 1170 2700 iv.
1190 2679 1240 2701 21.
1265 2680 1365 2708 x.31,
1382 2679 1434 2708 32.
1450 2670 1524 2699 -xiv.
1543 2667 1595 2706 26,
1613 2678 1665 2706 40.

288 2719 368 2749 Phil.
386 2719 418 2749 ii.
436 2728 485 2758 14,
507 2729 556 2760 ¹5·
583 2731 594 2751 1
612 2722 708 2752 Thes.
726 2733 756 2752 v.
777 2731 827 2760 14,
846 2731 897 2753 22.
921 2731 939 2753 2
955 2723 1050 2752 Thes.
1067 2722 1114 2753 iii.
1132 2730 1181 2760 14,
1203 2731 1251 2762 15.
1276 2723 1382 2753 Colos.
1398 2722 1430 2752 ii.
1449 2730 1479 2761 5.
1507 2721 1666 2752 1Tim.ii.

289 2773 322 2810 8,
339 2782 370 2812 9,
389 2774 446 2803 &a
471 2773 516 2802 iii.
540 2784 567 2809 ι,
588 2783 615 2803 2.
640 2775 704 2804 Tit.
724 2775 757 2805 ii.
778 2785 808 2811 2,
827 2785 858 2813 3,
876 2784 907 2813 4,
927 2777 985 2806 διο,
1010 2775 1056 2806 iii.
1078 2785 1126 2807 ιο.
