1799 3077
520 130 744 171 JUELLI
777 130 1114 172 APOLOGIA.
1427 137 1504 177 131

121 244 260 284 omnia
279 258 525 299 cuperamus
545 243 586 284 in
608 259 721 285 sacro
741 253 866 295 coetu,
889 253 937 285 ut
966 244 1122 286 Paulus
1146 245 1282 301 jubet,
1304 247 1507 299 decenter,

121 322 248 368 atque
268 312 412 353 ordine
439 311 726 353 administrari.
787 315 853 354 Ea
873 328 971 354 vero
1002 313 1152 363 onmia,
1175 329 1269 369 quae
1299 324 1372 356 aut
1395 317 1510 358 valde

122 380 417 438 superstitiosa,
440 390 514 421 aut
533 380 699 437 frigida,
719 390 791 421 aut
820 396 980 437 spurca,
1003 390 1076 422 aut
1104 381 1291 432 ridicula,
1313 392 1386 423 aut
1415 399 1509 425 cum

122 449 243 490 sacris
263 449 390 489 literis
408 448 651 505 pugnantia,
674 458 747 490 aut
767 449 888 490 etiam
909 449 1052 490 sobriis
1080 450 1316 491 hominibus
1342 451 1511 508 indigna

121 532 206 557 esse
227 516 484 568 videbamus,
502 517 641 573 qualia
660 517 819 559 infinita
841 527 937 559 sunt
953 518 1075 559 hodie
1095 518 1137 559 in
1153 528 1325 575 papatu,
1342 535 1511 575 prorsus

121 584 206 625 sine
228 585 313 626 ulla
332 585 572 642 exceptione
591 586 929 642 repudiavimus3
963 586 1078 642 quod
1098 587 1300 628 nollemus
1321 586 1401 626 Dei
1425 587 1510 628 cul-

121 662 210 693 tum
231 653 434 709 ejusmodi
455 652 619 709 ineptiis
639 653 803 709 longius
823 653 1103 695 contaminari.

179 722 404 761 Precamur
424 735 472 760 ea
497 720 653 775 lingua,
676 736 801 776 quam
832 721 974 771 nostri,
997 730 1045 762 ut
1076 737 1150 777 par
1180 731 1255 772 est,
1278 737 1419 762 omnes
1448 722 1508 762 in-

121 788 331 844 telligant,
384 797 432 829 ut
476 788 657 844 populus
697 789 1051 844 quemadmodum
1094 789 1252 830 Paulus
1291 800 1444 841 monet,
1486 807 1508 832 e

118 856 407 897 communibus
436 857 542 898 votis
572 857 791 897 utilitatem
822 873 1082 898 communem
1113 858 1272 914 capiat3
1311 859 1509 914 quemad-

121 925 290 965 modum
322 940 463 965 omnes
492 924 548 981 pii
583 926 740 975 Patres,
772 935 813 966 et
842 925 1030 966 catholici
1065 925 1276 982 Episcopi,
1308 942 1387 967 non
1421 937 1509 968 tan-

121 1003 210 1034 tum
232 993 273 1034 in
296 993 449 1043 Veteri,
473 993 741 1034 verumetiam
762 993 804 1034 in
832 995 955 1035 Novo
977 995 1262 1045 Testamento,
1285 1004 1325 1035 et
1354 996 1508 1051 precati

121 1071 218 1103 sunt
237 1062 329 1118 ipsi,
352 1071 393 1103 et
412 1062 616 1118 populum
638 1062 795 1118 precari
817 1062 1063 1112 docuerunt,
1087 1077 1152 1114 ne,
1174 1074 1220 1103 ut
1241 1063 1509 1119 Augustinus

119 1131 190 1181 ait,
223 1141 420 1186 tanquam
459 1130 636 1187 psittaci,
668 1140 709 1172 et
749 1130 932 1181 merulae,
966 1130 1181 1171 videamur
1217 1146 1359 1172 sonare
1394 1131 1507 1187 quod

119 1199 334 1240 nescimus.

179 1267 453 1308 Mediator-em
475 1276 516 1308 et
537 1276 805 1323 precatorem,
828 1282 902 1323 per
922 1282 1047 1323 quem
1067 1267 1344 1308 accedendum
1376 1267 1425 1308 sit
1455 1267 1508 1308 ad

121 1337 260 1376 Deum
283 1337 465 1386 Patrem,
487 1351 569 1376 non
591 1335 715 1376 alium
738 1335 938 1376 habemus
959 1350 1085 1392 quam
1109 1337 1139 1376 J
1142 1350 1256 1376 esum
1279 1335 1507 1386 Christum,

118 1405 238 1461 cujus
269 1406 392 1447 unius
421 1405 600 1456 nomine,
632 1405 770 1446 omnia
799 1421 823 1445 a
854 1406 979 1446 Patre
1013 1404 1299 1460 impetrantur.
1362 1405 1508 1460 Turpe

119 1484 256 1515 autem
279 1484 319 1515 et
340 1474 461 1531 plane
483 1473 692 1515 ethnicum
721 1482 795 1523 est,
818 1472 931 1529 quod
962 1472 1004 1512 in
1034 1472 1206 1512 istorum
1238 1471 1429 1512 Ecclesiis
1450 1472 1508 1512 vi-

118 1542 264 1583 demus
294 1543 444 1599 passim
474 1542 576 1593 fieri,
599 1557 681 1582 non
713 1550 873 1582 tantum
906 1540 1016 1597 quod
1049 1539 1256 1581 infinitum
1286 1555 1505 1580 numerum

118 1611 270 1652 habere
299 1610 446 1651 volunt
479 1619 755 1666 precatorum,
785 1609 912 1665 idque
948 1624 1116 1665 prorsus
1149 1608 1234 1649 sine
1264 1607 1507 1649 auctoritate

118 1679 232 1719 verbi
254 1679 349 1729 Dei,
375 1688 422 1719 ut
452 1678 804 1735 quemadmodum
837 1677 1070 1718 Hieremias
1099 1677 1170 1727 ait,
1194 1676 1399 1717 Divorum
1430 1692 1502 1716 nu-
1519 1692 1607 1721 Hier.
1624 1691 1654 1720 ii.
1671 1695 1701 1719 et

118 1762 256 1787 merus
276 1756 413 1803 aequet
433 1762 558 1798 nunc,
581 1746 645 1787 vel
667 1746 804 1803 potius
831 1755 997 1802 superet
1024 1760 1243 1786 numerum
1274 1745 1502 1794 civitatum,
1517 1735 1556 1763 Χῖ·

118 1825 159 1856 et
179 1815 314 1856 miseri
335 1814 528 1856 mortales
548 1814 730 1856 nesciant
751 1814 804 1855 ad
826 1829 950 1870 quem
972 1829 1013 1854 se
1040 1813 1299 1870 potissimum
1328 1812 1505 1853 debeant

118 1893 300 1931 vertere;
339 1884 537 1940 quodque
566 1899 661 1924 cum
693 1892 755 1924 tot
786 1882 879 1933 sint,
903 1892 951 1924 ut
980 1881 1187 1923 numerari
1220 1897 1303 1922 non
1332 1880 1504 1937 possint,

117 1951 195 1992 illis
215 1961 351 1993 tamen
373 1952 544 2009 singulis
566 1967 686 1993 suum
710 1951 859 2007 cuique
880 1951 932 1991 ab
953 1950 1031 1992 illis
1051 1965 1218 2000 munus,
1240 1959 1281 1990 et
1310 1949 1503 1998 officium,

117 2020 219 2076 quid
241 2020 473 2077 impetrare,
496 2020 598 2077 quid
619 2021 731 2070 dare,
748 2019 850 2076 quid
870 2019 1026 2060 efficere
1042 2019 1234 2067 debeant,
1252 2017 1503 2073 descriptum

117 2098 177 2130 est
195 2106 205 2137 ;
239 2090 310 2131 sed
330 2090 453 2131 etiam
474 2089 588 2146 quod
608 2089 666 2130 ita
685 2104 767 2129 non
788 2097 950 2129 tantum
973 2086 1111 2143 impie,
1135 2086 1206 2128 sed
1227 2085 1349 2127 etiam
1371 2084 1505 2140 impu-

117 2156 262 2198 denter
281 2157 490 2213 appellant
510 2156 723 2213 Virginem
743 2164 930 2205 matrem,
952 2164 1001 2195 ut
1031 2170 1073 2195 se
1102 2162 1276 2194 matrem
1306 2167 1391 2192 esse
1421 2166 1504 2191 me-
1515 2161 1697 2190 Beruardus.

117 2225 294 2276 minerit,
316 2235 365 2267 ut
384 2225 558 2282 imperet
577 2225 675 2274 filio,
698 2233 745 2264 ut
765 2223 806 2263 in
827 2222 944 2263 illum
965 2230 1108 2263 utatur
1123 2221 1218 2277 jure
1239 2235 1324 2260 suo.

175 2293 378 2344 Dicimus,
403 2293 628 2334 Hominem
649 2301 794 2333 natum
816 2306 901 2332 esse
921 2291 962 2331 in
991 2298 1172 2346 peccato,
1196 2296 1237 2328 et
1266 2286 1306 2326 in
1338 2294 1505 2342 peccato

118 2361 243 2402 vitam
264 2377 398 2418 agere,
420 2361 625 2402 neminem
652 2375 770 2416 posse
791 2374 887 2399 vere
917 2358 1065 2407 dicere,
1086 2354 1291 2396 mundum
1321 2368 1406 2394 esse
1435 2369 1505 2394 cor

117 2444 264 2476 suum3
292 2429 567 2485 justissimum
588 2443 798 2485 quemque
814 2441 976 2467 servum
995 2440 1080 2466 esse
1095 2422 1281 2464 inutilem
1299 2439 1309 2468 ;
1345 2422 1503 2478 Legem

118 2496 199 2538 Dei
219 2497 442 2553 perfectam
463 2511 562 2545 esse,
579 2504 620 2536 et
639 2511 664 2536 a
684 2494 802 2535 nobis
821 2493 1029 2549 requirere
1044 2491 1268 2547 perfectam
1284 2497 1326 2530 et
1339 2489 1505 2545 plenam

117 2565 417 2612 obedientiam
450 2564 509 2604 illi
529 2579 554 2604 a
573 2562 690 2603 nobis
710 2562 753 2602 in
771 2562 848 2602 hac
868 2561 953 2602 vita
975 2558 1159 2601 satisfieri
1181 2573 1261 2599 non
1281 2573 1399 2614 posse
1419 2557 1505 2598 ullo

119 2633 266 2681 mod03
301 2648 434 2689 neque
455 2647 540 2673 esse
561 2630 797 2671 mortalium
819 2643 1072 2685 quenquam,
1094 2627 1167 2684 qui
1187 2626 1315 2683 possit
1341 2626 1381 2666 in
1411 2640 1505 2666 con-

119 2712 261 2757 spectu
285 2701 365 2742 Dei
393 2699 569 2757 propriis
591 2698 746 2739 viribus
770 2697 1001 2754 justificari.
1065 2697 1216 2752 Itaque
1245 2694 1412 2736 unicum
1444 2709 1505 2733 re-

119 2778 282 2824 ceptum
306 2779 490 2809 nostrum
514 2778 555 2808 et
574 2765 812 2824 perfugium
834 2780 919 2806 esse
940 2765 993 2806 ad
1021 2763 1336 2805 misericordiam
1371 2760 1504 2802 Patris

824 2836 849 2861 ι)

776 2848 850 2873 ΚΝ
