1799 3077
478 115 714 158 NOELLI
749 115 1216 157 CATECHISMUS.
1464 121 1546 164 295

152 229 312 286 reliqua
333 230 411 271 tria
430 229 639 287 postulata
659 229 854 281 continet,
877 229 931 270 ad
955 237 1141 270 nostrum
1162 229 1425 270 commodum
1453 247 1545 287 pro,

150 298 239 354 prie
259 297 450 354 pertinet.

210 367 274 407 M.
309 367 429 407 Itane
461 365 681 407 utilitatem
710 374 891 407 nostram
912 381 937 406 a
957 364 1098 406 divina
1128 363 1260 420 gloria
1291 363 1465 416 divellis,
1486 375 1546 408 at-

151 449 233 489 que
253 433 460 483 distrahis,
478 441 525 473 ut
546 433 760 489 aequaliter
780 433 902 474 etiam
923 433 1030 474 inter
1050 448 1098 473 ea
1117 431 1308 488 partiaris
1320 435 1338 472 ?

207 502 263 540 A.
298 500 562 541 Cohaerentia
588 516 671 542 non
699 500 897 551 distraho,
921 500 992 542 sed
1013 516 1098 556 quo
1123 508 1210 541 tota
1240 498 1429 540 tractatio
1455 514 1546 555 per-

150 568 292 623 spicua
311 568 398 619 fiat,
417 569 664 610 secernenda
684 568 922 625 distinguo;
956 577 1004 610 ut
1024 583 1224 624 quorsum
1245 567 1433 623 quidque
1454 582 1545 623 per-

149 634 278 676 tineat
306 635 574 692 intelligatur.
636 635 825 692 Alioqui,
856 651 951 692 quae
981 635 1146 692 proprie
1175 635 1228 676 ad
1259 634 1341 676 Dei
1369 633 1540 690 gloriam

150 712 350 758 spectant,
372 719 420 744 ea
439 704 557 745 nobis
578 720 746 760 quoque
770 719 949 744 summas
976 704 1174 745 utilitates
1201 703 1413 760 praebent;
1446 717 1542 758 quae

148 785 314 811 rursum
336 771 505 812 utilitati
525 781 676 812 nostrae
698 771 895 821 serviunt,
918 772 1056 812 omnia
1075 771 1128 812 ad
1155 770 1337 812 divinam
1367 770 1541 826 gloriam

147 848 403 880 revocantur.
463 841 545 880 xIs
576 840 681 880 enim
703 839 809 889 finis,
832 839 885 880 ad
916 855 1040 895 quem
1073 839 1287 880 referenda
1320 848 1416 879 sunt
1451 838 1541 879 uni-

147 921 277 956 versa,
299 906 365 947 hic
386 922 471 947 esse
501 907 619 948 nobis
650 922 799 963 scopus
818 907 955 957 debet,
978 917 1027 948 ut
1046 907 1128 948 Dei
1149 907 1280 963 gloria
1300 921 1426 963 quam
1457 921 1542 947 ma-

146 972 256 1014 xime
291 974 576 1030 amplificetur.
639 974 908 1016 Partitionem
942 983 1079 1016 tamen
1112 975 1218 1016 hanc
1249 975 1292 1015 in
1328 974 1542 1016 tractando

145 1041 310 1082 interim
342 1057 424 1083 non
456 1042 759 1083 incommodam
789 1043 892 1093 fore,
921 1057 996 1083 nee
1026 1052 1193 1093 temere,
1216 1042 1287 1083 sed
1320 1058 1369 1083 ex
1402 1058 1540 1083 rerum

146 1109 328 1165 ipsarum
361 1110 613 1166 proprietate
640 1111 727 1151 fieri
759 1110 959 1158 arbitr0r3
993 1110 1092 1166 quia
1124 1109 1226 1151 dum
1256 1109 1339 1160 illa,
1362 1124 1458 1166 quae
1488 1111 1541 1151 ad

147 1177 229 1218 Dei
249 1177 423 1233 gloriam
444 1178 782 1234 amplificandum
809 1178 976 1234 proprie
1002 1178 1225 1234 pertinent,
1246 1177 1440 1234 petimus,
1462 1178 1542 1218 uti-

143 1244 279 1286 litates
309 1245 472 1286 interim
498 1257 657 1287 nostras
677 1245 866 1287 omittere
887 1254 1064 1302 oportet,
1087 1261 1217 1301 quum
1247 1253 1385 1286 tamen
1406 1245 1449 1286 in
1469 1261 1542 1302 po-

144 1313 383 1355 sterioribus
413 1313 491 1355 illis
522 1314 792 1370 petitionibus
821 1314 1047 1355 commodis
1077 1314 1225 1355 nostris
1254 1323 1363 1355 reete
1393 1314 1540 1355 servia-

145 1397 249 1422 inus.

202 1451 265 1490 M.
310 1452 409 1491 Jam
444 1450 668 1491 verborum
703 1450 890 1491 omnium
921 1449 1107 1506 pondera
1138 1449 1265 1506 paulo
1300 1449 1539 1506 diligentius

144 1517 438 1558 examinemus.
501 1519 591 1559 Cur
611 1519 752 1558 Deum
773 1526 933 1574 patrem
954 1517 1171 1558 nominas?

203 1587 258 1625 A.
292 1587 527 1641 Permagna
546 1585 588 1625 in
611 1586 735 1626 unius
755 1586 883 1642 hujus
903 1584 1078 1626 nominis
1100 1600 1178 1625 usu
1201 1585 1262 1625 vis
1282 1584 1398 1625 inest.
1437 1586 1538 1626 Duo

143 1653 266 1704 enim,
297 1669 393 1710 quae
424 1669 550 1710 supra
579 1653 621 1694 in
652 1653 860 1709 precando
889 1669 984 1694 cum
1017 1652 1160 1709 primis
1194 1652 1419 1694 necessaria
1453 1668 1538 1694 esse

142 1721 529 1772 demonstravimus,
552 1722 851 1778 complectitur.

202 1791 268 1831 M.
300 1792 405 1840 Quae
427 1799 523 1830 sunt
546 1789 644 1830 illa?

198 1859 254 1898 A.
287 1858 491 1908 Primum,
523 1873 605 1898 non
638 1857 756 1913 quasi
786 1857 960 1906 absenti,
982 1865 1089 1897 yaut
1122 1856 1248 1896 surdo
1280 1855 1441 1911 loquor,
1463 1857 1535 1897 sed

140 1935 189 1966 ut
222 1934 468 1982 praesentem
504 1925 825 1980 audientemque
861 1925 1025 1981 appello
1060 1933 1186 1979 atque
1226 1923 1386 1974 invoco,
1423 1933 1535 1964 certo

139 2008 382 2050 persuasum
413 1993 583 2044 habens,
618 2008 713 2034 euni
749 2003 985 2049 precantem
1017 2007 1083 2032 me
1115 1990 1336 2038 exaudire3
1380 1991 1534 2047 alioqui

138 2061 246 2102 enim
273 2062 363 2117 ejus
392 2061 593 2102 auxilium
625 2061 782 2102 frustra
810 2060 1086 2116 implorarem.
1148 2060 1245 2099 Hoc
1276 2058 1335 2099 ita
1364 2058 1416 2098 de
1442 2060 1534 2099 An-

138 2128 326 2184 gelorum
362 2139 435 2170 aut
469 2129 684 2170 hominum
721 2128 844 2169 etiam
877 2137 1137 2169 mortuorum
1174 2135 1419 2181 unoquam
1454 2135 1534 2167 sta—

139 2205 269 2245 tuere,
293 2196 377 2237 sine
397 2197 508 2237 omni
530 2196 788 2238 dubitatione
809 2196 995 2252 profecto
1016 2209 1097 2235 non
1120 2208 1299 2250 possum.
1352 2191 1530 2243 Deinde,

137 2264 332 2304 fiduciam
368 2264 616 2320 impetrandi
652 2275 746 2305 ante
780 2263 960 2305 diximus
1002 2278 1087 2304 esse
1127 2270 1248 2302 rectae
1287 2260 1532 2316 precationis

136 2331 483 2379 fundanientun13
517 2332 685 2373 charum
719 2347 817 2373 vero
846 2332 984 2388 ipsum
1016 2330 1190 2371 verbum
1221 2337 1281 2368 est
1312 2327 1462 2378 Patris,
1484 2343 1531 2369 ac

137 2400 297 2455 paterni
327 2400 489 2450 amoris,
522 2409 563 2441 et
599 2400 684 2456 spei
720 2400 840 2441 bonae
875 2408 1000 2455 atque
1033 2397 1196 2439 fiduciae
1234 2395 1528 2452 plenissimum.

137 2476 156 2495 ³
170 2468 348 2508 Nomine
368 2483 480 2523 ergo,
503 2484 587 2523 quo
608 2468 769 2508 nullum
795 2467 837 2507 in
860 2476 968 2507 terra
988 2465 1164 2514 dulcius,
1187 2463 1385 2519 appellari
1412 2464 1530 2504 Deus

139 2535 283 2585 voluit,
305 2535 362 2576 ita
391 2550 465 2576 nos
494 2535 547 2575 ad
579 2551 619 2576 se
650 2535 840 2584 invitans,
864 2544 911 2575 ut
931 2549 1041 2583 eum,
1063 2532 1174 2573 omni
1205 2531 1367 2573 sublata
1386 2531 1438 2572 de
1458 2547 1530 2587 pa-

181 2655 195 2668 x
222 2659 233 2679 1
255 2649 329 2679 Cor.
344 2659 376 2679 x.
392 2658 447 2687 30,
463 2658 516 2687 31-
540 2647 649 2678 Colos.
662 2646 708 2677 iii.
729 2655 778 2686 17.
940 2652 953 2671 ‚v
970 2645 1054 2680 I'sal.
1071 2644 1186 2675 xxxiii.
1205 2653 1255 2682 13,
1271 2652 1320 2682 14.
1344 2644 1454 2675 xxxiv.
1474 2652 1526 2684 15,

143 2710 190 2742 17.
215 2703 297 2733 xciv.
314 2712 349 2743 9,
366 2712 418 2738 10,
436 2712 484 2732 11.
509 2701 642 2732 cxxxix.
663 2711 693 2739 1,
711 2709 742 2738 z,
757 2701 814 2731 &c.
968 2706 980 2720 Ζ
996 2698 1084 2730 Esai.
1101 2698 1184 2729 lxiii.
1205 2697 1252 2728 16.
1405 2704 1419 2718 ὃ
1442 2698 1526 2728 Psal.

138 2755 201 2786 ciii.
222 2765 270 2794 13.
294 2756 372 2786 Luc.
387 2766 440 2786 xv.
460 2754 508 2785 18.

793 2805 868 2844 u4
