1799 3077
106 1712 185 1741 Dist.
201 1719 251 1752 27.

104 1756 251 1788 Quidam.

105 1800 153 1827 De
170 1799 252 1827 bono
266 1797 310 1827 vi-

106 1841 244 1871 duitatis.

106 1894 172 1922 cap.
187 1894 235 1914 10.

108 1928 199 1956 Caus.
219 1934 268 1966 27.

106 1978 158 2006 41.
176 1970 291 2008 Nupti-

106 2022 192 2041 arum
209 2013 264 2041 bo·

108 2065 194 2084 num.

108 2099 143 2127 In
162 2102 288 2126 contro-

108 2141 224 2170 versiis.

107 2184 198 2213 Liber
214 2183 304 2212 hodie

108 2227 285 2256 circumfer-

107 2274 158 2298 tur
174 2270 311 2299 mutilus.

112 2786 187 2824 cap.
204 2785 248 2814 iii.

320 147 403 190 162
709 144 933 187 JUELLI
966 143 1307 186 APOLOGIA.

318 277 415 303 vum
434 277 519 303 esse
533 261 759 318 judicetur,
782 268 919 299 tamen
950 258 1087 309 habet,
1110 256 1258 313 inquit,
1280 255 1610 312 antiquissimum
1641 264 1698 296 te-

316 330 553 372 stimonium
586 328 713 384 Legis
742 335 784 368 et
813 326 1131 382 Prophetarum.
1192 326 1345 366 Nostra
1373 339 1471 364 vero
1501 322 1700 372 doctrina,

316 415 442 456 quam
463 397 613 439 rectius
632 409 851 452 possumus
873 393 1029 434 Christi
1047 393 1288 434 catholicam
1309 390 1537 433 doctrinam
1562 389 1702 446 appel-

316 467 414 518 lare,
435 466 493 507 ita
511 480 594 506 non
615 474 676 504 est
696 477 816 512 nova,
839 470 886 502 ut
907 476 997 502 eam
1021 460 1139 501 nobis
1165 460 1361 516 antiquus
1391 459 1552 500 dierum
1583 459 1702 499 Deus

316 546 358 576 et
379 537 504 576 Pater
523 531 694 574 Domini
714 529 842 570 nostri
862 530 891 570 J
895 544 967 569 esu
990 527 1159 577 Christi,
1180 527 1457 568 monumentis
1477 526 1702 567 vetustissi-

318 603 394 644 mis
413 603 456 643 in
477 599 708 656 Evangelio
728 608 768 639 et
785 597 828 637 in
849 596 1156 653 Prophetarum
1182 604 1307 651 atque
1328 595 1628 651 Apostolorum
1656 594 1704 634 li-

317 672 403 713 bris
431 667 752 714 commendarim
795 681 925 722 eaque
954 680 1065 705 nunc
1095 679 1203 705 nova
1231 663 1385 704 nemini
1404 663 1532 704 videri
1560 663 1701 719 possit,

319 739 396 780 nisi
417 739 449 779 si
467 737 534 779 cui
549 745 622 777 aut
638 734 943 790 Prophetarum
960 732 1099 783 Fides,
1117 731 1409 788 Evangelium,
1423 740 1496 773 aut
1513 731 1705 772 Christus

318 809 404 864 ipse
425 806 612 847 videatur
631 818 775 844 novus.
837 803 1019 842 Istorum
1043 816 1138 841 vero
1158 800 1315 856 religio,
1338 800 1370 841 si
1390 800 1448 841 ita
1473 799 1643 855 antiqua
1664 808 1704 840 et

320 884 438 916 vetus
457 882 531 923 est,
553 872 615 913 uti
635 886 724 913 eam
745 870 824 926 ipsi
844 869 975 910 videri
995 869 1155 918 volunt,
1177 884 1251 909 cur
1276 883 1399 909 unam
1427 869 1480 909 ab
1506 867 1704 924 exemplis

318 943 536 1000 primitivae
557 939 767 989 Ecclesiae,
790 954 841 979 ex
861 937 1041 993 antiquis
1062 936 1256 977 Patribus
1284 946 1325 977 et
1347 937 1540 978 Conciliis
1561 936 1706 977 veteri-

318 1012 398 1052 bus
418 1025 499 1050 non
520 1009 724 1065 probant?
758 1008 846 1048 Cur
866 1016 951 1047 tam
970 1014 1090 1046 vetus
1110 1020 1232 1045 causa
1247 1004 1405 1045 tamdiu
1422 1004 1582 1045 deserta
1595 1004 1705 1060 jacet

320 1078 405 1119 sine
425 1077 633 1133 patrono?
664 1075 843 1115 Ferrum
864 1072 1048 1128 quidem,
1069 1080 1109 1112 et
1129 1071 1337 1112 flammam
1363 1087 1522 1127 semper
1550 1071 1706 1111 habue-

321 1155 418 1187 runt
448 1144 502 1185 ad
532 1157 730 1190 manum3
762 1141 814 1182 de
847 1140 1040 1182 Conciliis
1069 1155 1167 1180 vero
1196 1139 1390 1195 antiquis,
1422 1149 1463 1180 et
1493 1139 1703 1191 Patribus,

319 1227 517 1269 magnum
538 1210 756 1252 silentium.
817 1208 952 1264 Atqui
973 1207 1200 1249 absurdum
1224 1217 1311 1248 erat
1337 1208 1389 1248 ab
1416 1207 1503 1248 istis
1528 1207 1586 1249 ita
1613 1224 1705 1250 cru-

320 1280 425 1321 entis
444 1290 485 1320 et
503 1278 599 1319 feris
618 1276 846 1317 rationibus
866 1275 1059 1332 incipere,
1077 1275 1109 1315 si
1125 1274 1354 1331 potuissent
1368 1275 1447 1315 alia
1462 1285 1706 1331 argumenta

320 1348 472 1389 leviora
492 1355 532 1387 et
552 1345 714 1386 mitiora
734 1344 920 1385 inveniri.
982 1343 1105 1394 Quod
1135 1343 1167 1384 si
1197 1342 1255 1383 illi
1285 1342 1343 1383 ita
1372 1358 1540 1399 prorsus
1570 1343 1705 1384 fidunt

320 1415 529 1465 vetustati,
552 1423 593 1455 et
611 1412 714 1454 nihil
736 1412 944 1463 simulant,
966 1427 1040 1453 cur
1059 1421 1154 1452 ante
1182 1426 1264 1452 non
1295 1411 1352 1452 ita
1381 1411 1533 1452 multos
1562 1426 1703 1460 annos,

319 1486 500 1527 Joannes
521 1482 711 1524 Clemens
730 1479 913 1536 Anglus,
935 1480 1093 1536 aliquot
1112 1479 1210 1520 folia
1230 1479 1492 1520 vetustissimi
1511 1480 1640 1536 patris
1664 1489 1705 1520 et

321 1550 459 1593 Graeci
480 1548 678 1606 Episcopi
699 1547 968 1598 Theodoreti,
989 1548 1032 1588 in
1053 1547 1207 1603 quibus
1230 1547 1297 1587 ille
1324 1547 1538 1603 perspicue
1568 1563 1614 1588 ac
1643 1547 1705 1588 lu-

320 1620 503 1661 culenter
529 1617 717 1667 docebat,
740 1624 929 1657 naturam
952 1615 1069 1672 panis
1089 1615 1131 1656 in
1153 1615 1413 1656 Eucharistia
1432 1631 1515 1656 non
1537 1614 1704 1664 aboleri,

320 1703 415 1729 cum
435 1694 601 1742 putaret
621 1683 783 1724 nullum
803 1683 918 1724 aliud
945 1683 1154 1740 exemplar
1180 1698 1298 1739 posse
1331 1683 1487 1739 uspiam
1518 1682 1705 1732 inveniri,

320 1754 643 1813 inspectantibus
663 1753 821 1809 aliquot
839 1753 957 1794 bonis
979 1753 1088 1803 viris,
1110 1762 1151 1794 et
1171 1752 1252 1793 fide
1272 1752 1422 1809 dignis,
1444 1752 1636 1793 laceravit
1666 1761 1707 1792 et

322 1824 470 1881 abjecit
488 1823 530 1863 in
550 1823 689 1862 focum
705 1824 721 1861 Ρ
756 1823 845 1862 Cur
864 1830 988 1877 negat
1006 1820 1209 1862 Albertus
1225 1820 1414 1876 Pighius,
1432 1829 1612 1861 veterem
1629 1821 1707 1860 Pa-

323 1903 427 1935 trem
454 1889 744 1946 Augustinum
775 1898 883 1930 recte
911 1888 1078 1929 sensisse
1108 1889 1160 1929 de
1189 1897 1356 1944 peccato
1385 1888 1582 1944 originis?
1614 1890 1708 1929 Aut

322 1960 375 2001 de
405 1958 679 2007 matrimonio,
708 1957 821 2013 quod
851 1966 944 2013 post
968 1965 1111 1997 votum
1142 1967 1429 2012 nuncupatum
1460 1956 1511 1996 sit
1540 1956 1705 2007 initum,

324 2028 438 2084 quod
463 2025 731 2082 Augustinus
760 2024 901 2065 asserit
932 2040 1016 2065 esse
1047 2023 1368 2074 matrimonium,
1396 2039 1470 2064 nec
1499 2039 1617 2079 posse
1646 2039 1708 2064 re-

324 2094 466 2145 scindi,
488 2093 603 2134 illum
626 2108 775 2142 errare,
798 2101 838 2133 et
858 2092 1007 2132 falsum
1028 2107 1113 2132 esse
1134 2091 1246 2142 dicit,
1268 2107 1342 2132 nec
1368 2091 1499 2147 proba
1528 2091 1586 2132 uti
1608 2091 1708 2132 Dia-

323 2161 493 2202 lectica?
526 2163 616 2202 Cur
636 2175 769 2215 nuper
789 2174 883 2200 cum
904 2158 1155 2199 excuderent
1174 2168 1353 2199 veterem
1375 2159 1542 2199 Patrem
1564 2158 1708 2214 Orige-

323 2243 417 2269 nem
437 2228 480 2269 in
500 2227 777 2284 Evangelium
799 2228 828 2266 J
831 2225 987 2277 oannis,
1008 2235 1169 2266 sextum
1195 2225 1300 2266 illud
1327 2234 1465 2280 caput,
1488 2224 1559 2265 ubi
1590 2224 1707 2266 illum

322 2295 530 2346 credibile,
552 2296 616 2337 vel
638 2295 778 2351 potius
799 2303 957 2335 certum
978 2303 1052 2344 est,
1074 2303 1217 2334 contra
1236 2293 1345 2349 ipsos
1366 2293 1417 2333 de
1445 2292 1708 2333 Eucharistia

323 2362 455 2404 multa
488 2363 717 2413 tradidisse,
748 2362 955 2417 integrum
991 2361 1229 2411 omiserunt,
1262 2371 1303 2402 et
1331 2360 1483 2401 librum
1513 2359 1707 2400 mutilum

323 2430 461 2486 potius
490 2446 617 2486 quam
646 2430 869 2486 integrum,
900 2429 973 2485 qui
1008 2445 1163 2470 errores
1198 2445 1292 2470 suos
1323 2437 1577 2484 coargueret,
1610 2427 1708 2468 dare

324 2497 589 2539 maluerunt?
631 2500 703 2538 An
733 2497 811 2538 hoc
841 2505 902 2537 est
931 2496 1168 2552 antiquitati
1197 2496 1416 2544 confidere,
1440 2495 1707 2550 antiquorum

326 2564 500 2604 Patrum
529 2564 680 2620 scripta
705 2564 895 2614 lacerare,
918 2563 1187 2619 supprimere,
1210 2573 1412 2612 truncare,
1435 2561 1706 2602 comburere?

326 2631 476 2685 Operae
496 2632 673 2686 pretium
696 2641 757 2672 est
776 2631 929 2682 videre,
952 2647 1076 2687 quam
1103 2631 1275 2687 pulchre
1302 2630 1368 2671 isti
1397 2645 1490 2671 cum
1520 2628 1598 2668 illis
1629 2630 1707 2668 Pa-

327 2697 472 2749 tribus,
494 2714 598 2753 quos
612 2700 768 2754 jactare
789 2699 919 2740 solent
939 2715 1023 2740 esse
1044 2715 1151 2747 suos,
1169 2700 1221 2739 de
1242 2699 1436 2754 religione
1450 2696 1704 2738 conveniant.

328 2767 458 2807 Vetus
477 2766 694 2807 concilium
714 2767 992 2808 Elibertinum
1015 2767 1209 2817 decrevit,
1226 2782 1277 2807 ne
1297 2765 1413 2821 quid,
1431 2764 1545 2820 quod
1560 2763 1708 2804 colitur
