1799 3077
273 135 356 174 258
592 130 825 172 NOELLI
859 130 1329 171 CATECHISMUS.

273 249 439 297 tionem,
462 261 546 302 qua
566 245 716 286 scelera
735 260 808 286 nos
830 253 969 285 nostra
988 244 1272 293 devinxerant,
1294 243 1337 283 in
1358 258 1400 283 se
1421 243 1656 299 susciperet,

273 331 403 371 eaque
420 330 494 355 nos
515 314 592 354 1100
617 322 738 369 pacto
758 311 976 353 exolveret.
1037 320 1057 339 x
1073 310 1355 352 Contumelias
1374 310 1483 351 enim
1503 327 1657 362 omnes,

274 383 412 425 omnia
431 382 584 438 probra
603 390 729 436 atque
750 379 963 436 supplicia,
985 394 1062 435 pro
1092 378 1223 420 salute
1248 389 1389 420 nostra
1407 379 1513 420 levia
1532 381 1661 420 omni-

274 468 328 493 no
349 451 425 492 sibi
449 466 548 500 esse,
569 458 694 504 atque
724 463 800 502 pro
830 447 958 487 nihilo
987 447 1134 494 duxit3
1167 447 1352 504 adeoque
1384 457 1660 504 contemptuS,

274 522 473 578 abjectus,
503 527 543 559 et
573 516 758 558 omnium
789 515 1004 556 hominum
1033 515 1199 556 infimus
1230 531 1316 557 esse
1347 516 1556 568 sustinuit,
1577 533 1663 573 quo

276 605 349 630 nos
369 588 491 645 plane
511 584 694 642 perditos
714 584 767 624 ad
788 583 946 624 amissae
967 582 1110 624 salutis
1129 598 1243 638 spem
1264 583 1449 639 erigeret.

336 658 399 697 M.
432 653 599 710 Ecquid
617 652 794 708 amplius
815 651 867 692 de
890 651 1045 693 Christi
1064 662 1196 692 morte
1216 651 1439 692 dicendum
1458 652 1614 693 habes?

334 726 390 765 A.
427 721 675 764 yChristum
709 735 791 760 non
822 719 1031 760 communi
1060 719 1185 760 modo
1213 728 1346 760 morte
1374 719 1417 760 in
1450 720 1664 761 hominum

275 800 498 848 conspectu
527 788 789 840 mulctatum,
812 787 882 828 sed
904 795 944 828 et
971 796 1135 828 aeternae
1156 787 1299 828 mortis
1326 787 1494 828 horrore
1524 788 1665 843 perfu-

277 874 367 903 sum
388 857 537 905 fuisse3
571 872 666 898 cum
696 854 896 896 universis
927 854 1163 895 Inferorum
1194 854 1321 910 copiis
1349 855 1466 911 quasi
1494 870 1664 896 manum

276 925 543 975 conseruisse,
565 934 691 981 atque
720 923 923 964 luctatum
944 937 1054 970 esse;
1086 938 1164 978 pro
1185 938 1346 963 summo
1368 923 1448 963 Dei
1469 923 1664 964 tribunali

271 994 478 1051 judicium
501 993 629 1042 triste,
652 991 901 1046 Divinaeque
931 990 1292 1031 animadversionis
1320 1005 1488 1046 gravem
1520 991 1667 1031 severi-

277 1071 403 1104 tatem
425 1061 619 1108 subiisse;
652 1060 694 1100 in
717 1074 896 1101 summas
913 1058 1124 1114 angustias
1143 1058 1373 1099 adductum
1389 1058 1540 1107 fuisse;
1573 1059 1667 1099 hor-
1691 1065 1696 1069 ”

278 1130 418 1172 ribiles
453 1130 706 1179 formidines,
742 1137 868 1183 atque
909 1126 1188 1168 acerbissimos
1222 1126 1347 1168 animi
1376 1126 1551 1177 dolores,
1583 1143 1668 1182 quo

272 1199 390 1255 justo
411 1199 490 1240 Dei
514 1198 673 1255 judicio
697 1213 771 1254 per
791 1196 928 1238 onmia
949 1196 1210 1246 satisfaceret,
1233 1195 1420 1251 iramque
1439 1196 1529 1252 ejus
1548 1194 1669 1251 plene

279 1267 474 1323 placaret,
497 1282 573 1322 pro
593 1265 711 1306 nobis
731 1279 970 1321 perpessum
991 1272 1117 1319 atque
1136 1263 1404 1319 perfunctum
1424 1279 1520 1304 esse.
1569 1264 1670 1303 Pec-

279 1334 487 1375 catoribus
507 1334 630 1383 enim,
654 1343 672 1362 z
685 1348 865 1389 quorum
884 1332 951 1372 hic
967 1331 1083 1387 quasi
1104 1347 1320 1388 personam
1339 1332 1530 1374 Christus
1551 1331 1670 1372 susti-

279 1403 386 1453 nuit,
408 1417 490 1443 non
521 1401 734 1458 praesentis
766 1400 903 1450 modo,
926 1399 997 1440 sed
1026 1408 1067 1440 et
1085 1400 1239 1441 futurae
1267 1400 1390 1441 etiam
1421 1410 1670 1455 aeternaeque

281 1470 424 1514 mortis
456 1469 617 1510 dolores
651 1478 777 1524 atque
804 1468 1008 1509 cruciatus
1035 1468 1249 1509 debentur.
1312 1470 1455 1519 Quum
1478 1484 1573 1509 vero
1593 1468 1670 1508 hu-

282 1539 392 1580 mani
427 1538 587 1594 generis
621 1537 771 1593 perditi
806 1537 895 1593 jam
929 1546 1055 1592 atque
1089 1536 1272 1577 damnati
1306 1536 1470 1592 culpam
1501 1536 1669 1592 pariter,

277 1608 519 1664 justamque
540 1621 705 1662 poenam
726 1605 783 1646 ita
802 1605 844 1645 in
866 1620 907 1645 se
928 1604 1151 1660 susciperet
1177 1614 1304 1660 atque
1334 1604 1565 1654 sustineret,
1587 1613 1671 1644 tam

281 1675 399 1732 gravi
421 1684 551 1724 metu,
574 1683 773 1729 tantoque
794 1672 919 1714 animi
939 1682 1055 1713 motu
1076 1687 1122 1713 ac
1143 1672 1283 1713 dolore
1310 1673 1576 1729 perturbatus
1596 1680 1670 1721 est,

283 1752 362 1784 aut
383 1743 645 1792 exclamaret,
667 1743 785 1782 Deus
815 1756 944 1791 meUS,
966 1742 1084 1782 Deus
1110 1756 1241 1791 meus,
1260 1757 1388 1797 quare
1418 1738 1673 1796 dereliquisti

284 1827 350 1852 me
367 1814 375 1852 2

343 1881 407 1920 Μ.
440 1881 512 1919 An
534 1893 614 1919 non
637 1876 862 1933 ignominia
890 1876 1054 1917 interim
1085 1877 1163 1918 1100
1190 1887 1310 1933 pacto
1332 1876 1413 1917 Dei
1435 1876 1568 1917 Filius
1588 1875 1673 1916 affi-

285 1947 407 1997 citur,
424 1955 498 1986 aut
518 1944 812 2001 desperationis
832 1943 891 1984 illi
912 1953 1010 1984 nota
1030 1943 1221 1999 quaedam
1242 1944 1452 1984 inuritur?

344 2017 400 2056 A.
434 2014 512 2056 Ille
528 2013 697 2070 quidem
718 2013 807 2053 haec
827 2011 964 2052 onmia
984 2012 1140 2068 absque
1156 2012 1266 2053 omni
1286 2011 1454 2052 omnino
1473 2010 1493 2040 b
1507 2021 1674 2068 peccato

286 2098 504 2140 perpessus
531 2092 616 2130 est3
651 2090 812 2123 tantum
834 2081 962 2131 abest,
985 2091 1033 2122 ut
1053 2080 1138 2121 ulla
1157 2080 1341 2121 animum
1371 2080 1460 2136 ejus
1486 2080 1676 2136 despera-

288 2152 345 2193 tio
365 2151 587 2208 oceuparit.
650 2151 879 2205 Nunquam
911 2148 1018 2189 enim
1049 2149 1204 2189 interea
1228 2148 1344 2190 Patri
1365 2156 1382 2176 c
1395 2148 1612 2198 confidere,
1635 2159 1676 2190 et

288 2221 393 2262 bene
423 2220 475 2260 de
510 2218 641 2260 salute
673 2233 835 2274 sperare
870 2216 1004 2266 desiit,
1026 2232 1100 2258 nec
1121 2217 1370 2258 circumfuso
1391 2216 1577 2272 undique
1606 2232 1678 2273 pa-

289 2304 387 2330 vore
407 2287 621 2343 obtorpuit
649 2301 849 2342 unquam,
871 2294 945 2326 aut
974 2285 1114 2326 dolore
1144 2301 1364 2342 oppressus
1385 2285 1488 2333 fuit;
1522 2295 1563 2326 et
1582 2301 1677 2326 cum

290 2357 482 2398 universa
526 2355 545 2384 d
562 2355 786 2396 inferorum
838 2363 1039 2410 potestate
1088 2354 1282 2405 luctatus,
1333 2353 1547 2395 adversam
1596 2353 1679 2394 vim

334 2521 349 2534 x
365 2514 454 2545 Esai.
471 2514 530 2544 liii.
546 2518 625 2544 toto.
649 2514 734 2544 Psal.
748 2514 828 2543 xxii.
845 2512 877 2549 6,
893 2520 923 2552 7,
942 2522 991 2549 12,
1013 2522 1064 2551 13,
1081 2514 1140 2543 ἃς.
1165 2514 1247 2543 Mat.
1264 2512 1351 2543 xxvi.
1365 2511 1417 2552 67.
1440 2511 1537 2542 xxvii.
1555 2520 1608 2547 21,
1625 2508 1677 2547 26,

295 2568 348 2604 28,
365 2577 419 2607 34,
436 2568 492 2606 38,
509 2576 563 2606 44,
581 2568 633 2605 48.
659 2567 739 2597 Phil.
758 2567 789 2597 ii.
810 2574 840 2607 7,
856 2567 887 2597 8.
980 2573 994 2592 y
1013 2567 1098 2597 Esai.
1116 2567 1174 2597 liii.
1192 2567 1221 2598 6.
1246 2567 1330 2597 Psal.
1344 2567 1422 2597 xxii.
1444 2576 1470 2596 1.
1494 2566 1575 2596 Mat.
1591 2564 1678 2594 xxvi.

293 2622 346 2660 38.
373 2623 471 2652 xxvii.
488 2621 540 2659 46.
564 2622 642 2652 Luc.
658 2622 737 2652 xxii.
753 2630 805 2660 43.
895 2626 907 2640 z
930 2620 1017 2651 Esai.
1035 2620 1093 2650 liii.
1108 2629 1143 2658 4,
1160 2628 1191 2660 5,
1207 2620 1238 2650 8.
1266 2630 1276 2650 1
1299 2621 1366 2650 Pet.
1385 2620 1429 2649 iii.
1450 2619 1499 2649 18.
1566 2625 1579 2638 ὃ
1595 2618 1678 2648 Psal.

294 2675 374 2705 xxii.
396 2685 424 2711 1,
440 2674 470 2704 6.
496 2676 578 2705 Mat.
596 2675 696 2706 xxvii.
713 2674 766 2712 46.
898 2673 911 2693 ¹²
938 2684 948 2704 1
969 2671 1036 2704 Fet.
1055 2675 1087 2704 ii.
1108 2683 1158 2704 22.
1290 2680 1303 2694 ⁰
1327 2674 1407 2704 Mat.
1423 2673 1510 2704 xxvi.
1526 2681 1577 2710 42.
1599 2672 1680 2702 Luc.

294 2728 388 2758 xxiii.
404 2726 456 2765 46.
481 2728 563 2758 Hel).
582 2739 612 2759 v,
632 2735 660 2767 7.
791 2727 806 2748 d
830 2727 907 2758 Osc.
924 2727 992 2758 xiii.
1015 2737 1061 2766 14.
1089 2739 1100 2758 1
1123 2729 1197 2760 Cor.
1212 2738 1265 2759 xv.
1283 2727 1335 2763 26,
1353 2734 1407 2766 54,
1425 2734 1476 2766 55.
1501 2726 1571 2757 Col.
1589 2726 1609 2755 i.
1628 2734 1677 2763 13,

298 2790 346 2819 14.
374 2790 389 2811 z
405 2781 493 2811 Tim.
510 2781 530 2811 ἰ.
553 2791 601 2811 ιο.
627 2781 708 2810 Hob.
725 2781 758 2810 ii.
779 2789 827 2818 14,
845 2788 893 2818 15.
