1799 3077
486 138 528 179 N
533 137 723 180 OELLI
757 136 1222 180 CATECHISMUS.
1465 137 1549 181 267

162 251 281 307 quasi
314 251 623 308 possessionem,
654 266 740 293 una
772 265 867 292 cum
904 250 1038 307 capite
1068 258 1210 292 nostro
1244 265 1552 306 occuparemus.

164 321 252 361 Ista
279 320 448 376 quidem
478 320 664 361 nondum
694 328 911 375 apparent,
942 324 1105 360 ttamen
1139 327 1229 360 tum
1265 317 1434 358 demum
1465 319 1555 360 haec

163 387 302 429 omnia
339 388 602 443 proferentur
640 387 684 428 in
723 387 872 437 lucem,
905 402 998 427 cum
1037 386 1243 436 Christus,
1280 384 1353 441 qui
1388 394 1449 426 est
1481 386 1557 426 lux

165 454 326 505 mundi,
348 454 389 494 in
415 470 500 510 quo
531 470 622 511 spes
651 464 802 496 nostrae
832 469 973 495 omnes
1003 466 1130 511 atque
1159 469 1257 510 opes
1287 453 1431 510 positae
1462 463 1559 494 sunt

164 531 291 578 atque
315 522 478 573 defixae,
501 522 721 564 immortali
751 522 883 578 gloria
912 522 1061 573 clarus,
1085 538 1170 564 sese
1199 521 1335 578 palam
1367 521 1558 562 omnibus

165 589 365 632 ostendet.
1418 592 1422 594 '

225 660 289 699 Μ.
322 657 519 699 Alterum
551 657 655 698 illud
684 657 964 709 commodum,
985 657 1100 714 quod
1130 672 1181 698 ex
1208 655 1364 698 Christi
1393 656 1560 698 actioni-

166 729 247 770 bus
267 726 572 783 consequimur,
593 726 828 783 cujusmodi
849 726 1015 767 tandem
1037 728 1128 767 est?

225 798 281 838 A.
325 794 449 844 Quod
487 794 680 835 Christus
715 810 756 836 se
791 794 909 835 nobis
942 793 1191 850 uexemplar
1224 793 1276 834 ad
1312 793 1559 835 imitandum

168 862 397 922 proposuit,
415 862 468 903 ad
489 862 604 918 quod
624 862 752 903 vitam
769 871 950 903 nostram
972 877 1135 903 omnem
1157 862 1395 903 formemus.
1441 861 1562 903 Chri-

169 943 257 975 stus
287 932 319 972 si
348 940 540 972 mortuus
571 930 622 972 sit
651 946 728 987 pro
758 940 942 988 peccato,
966 930 998 971 si
1019 930 1220 986 sepultus,
1243 930 1285 971 id
1318 930 1441 971 semel
1470 945 1564 987 per-

169 1015 313 1058 pessus
334 1008 416 1046 est3
450 999 482 1040 si
512 999 721 1051 revixerit,
745 999 777 1040 si
806 999 849 1040 in
876 998 1036 1040 coelum.
1058 998 1300 1049 ascenderit,
1324 998 1448 1039 semel
1474 1007 1561 1039 tan-

172 1078 263 1110 tum
284 1066 447 1116 revixit,
471 1066 593 1107 semel
615 1067 823 1115 ascendit3
851 1067 939 1123 jam
970 1081 1052 1107 non
1083 1065 1260 1122 amplius
1281 1065 1469 1116 moritur,
1492 1065 1562 1106 sed

172 1136 258 1177 vita
287 1135 535 1191 sempiterna
554 1135 723 1187 fruitur,
745 1144 786 1176 et
815 1135 857 1176 in
884 1149 1046 1176 summa
1075 1142 1201 1190 atque
1232 1134 1403 1191 perenni
1433 1133 1565 1190 gloria

173 1212 330 1261 regnat.
394 1202 460 1244 Sic
480 1202 547 1244 Xsi
568 1218 642 1244 nos
670 1203 797 1245 simus
827 1203 995 1254 mortui,
1017 1203 1049 1244 si
1079 1202 1230 1259 sepulti
1259 1211 1441 1260 peccato,
1462 1218 1565 1258 quo-

173 1271 299 1313 modo
327 1270 499 1326 posthac
524 1270 711 1313 vivemus
740 1271 783 1312 in
812 1271 987 1312 eodem?
1022 1270 1065 1312 Si
1095 1270 1260 1311 excitati
1281 1285 1375 1311 cum
1398 1268 1565 1311 Christo

175 1340 316 1389 simus,
334 1338 365 1379 si
385 1353 460 1394 per
480 1347 633 1380 certam
655 1339 803 1380 Fidem
824 1349 950 1395 atque
971 1353 1086 1395 spem
1102 1338 1263 1379 firmam
1283 1338 1326 1378 in
1347 1337 1450 1379 coelo
1469 1352 1564 1378 cum

175 1424 223 1449 eo
243 1422 467 1457 versemur,
489 1407 530 1448 in
551 1408 734 1449 coelestes
759 1424 837 1458 res,
859 1407 1032 1457 divinas,
1055 1416 1242 1456 aeternas,
1265 1421 1348 1447 non
1370 1415 1564 1456 terrenas,

175 1474 420 1525 mundanas,
443 1485 483 1516 et
506 1475 696 1526 caducas,
718 1491 837 1517 curas
867 1490 1008 1517 omnes
1038 1474 1389 1530 cogitationesque
1420 1473 1462 1513 in
1494 1489 1568 1530 po-

177 1553 332 1584 sterum
362 1544 547 1584 conferre
577 1544 787 1585 debemus.
849 1544 909 1584 Et
940 1542 1294 1599 quemadmodum
1329 1540 1567 1583 yterrestris

177 1611 354 1652 hominis
383 1611 581 1652 hactenus
610 1612 862 1668 gestavimus
899 1611 1136 1667 imaginem,
1169 1610 1343 1652 coelestis
1374 1609 1567 1666 deinceps

178 1679 398 1735 imaginem
420 1679 666 1728 induamus3
700 1680 861 1720 dolores
882 1688 923 1720 et
942 1679 1114 1735 injurias
1144 1695 1285 1720 omnes
1314 1679 1403 1735 ejus
1433 1693 1570 1719 exem-

179 1747 250 1805 plo
280 1747 439 1803 placide
459 1757 500 1788 et
521 1748 658 1789 sedate
678 1749 868 1797 ferentes,
891 1759 1142 1803 caeterasque
1171 1747 1280 1788 illius
1299 1747 1473 1788 virtutes
1494 1745 1570 1787 Di-

179 1816 308 1867 vinas,
330 1816 468 1871 quoad
489 1817 681 1858 mortales
701 1825 887 1873 possunt,
909 1815 1115 1857 imitantes
1135 1823 1260 1871 atque
1280 1815 1566 1871 exprimentes.

180 1887 241 1927 Et
260 1901 354 1927 cum
377 1886 568 1927 Christus
588 1886 795 1927 Dominus
824 1900 1041 1941 nunquam
1061 1884 1230 1926 desistat
1259 1884 1376 1926 nobis
1405 1884 1570 1926 benefa-

180 1970 285 2004 cere,
308 1954 444 1996 Patris
464 1954 783 1996 misericordiam
810 1964 1014 2011 perpetuo
1040 1953 1159 1994 nobis
1179 1968 1413 2009 exposcere,
1436 1961 1477 1993 et
1496 1952 1571 1992 im-

181 2022 357 2079 plorare,
391 2022 590 2078 Spiritum
627 2038 748 2064 suum
780 2031 967 2063 sanctum
999 2021 1117 2062 nobis
1151 2020 1306 2076 largiri,
1343 2019 1570 2061 Ecclesiam

124 2102 128 2105 ’
183 2106 298 2132 suam
320 2091 577 2147 amplissimis
596 2091 714 2133 donis
734 2090 974 2132 mirabiliter
994 2098 1034 2130 et
1053 2089 1215 2130 assidue
1241 2104 1462 2136 exornare3
1495 2102 1572 2143 par

184 2170 353 2200 est<nos
383 2159 501 2200 simili
533 2160 722 2201 zratione
752 2158 990 2216 proximum
1020 2157 1133 2198 omni
1167 2157 1305 2199 studio
1335 2158 1499 2213 juvare,
1530 2164 1572 2198 et

184 2227 418 2268 arctissimis
448 2228 609 2279 amoris,
641 2228 883 2277 concordiae,
915 2236 1042 2282 atque
1072 2241 1243 2268 summae
1274 2224 1572 2281 conjunctionis

186 2295 372 2345 vinculis,
407 2307 610 2351 quantum
641 2296 683 2337 in
715 2296 834 2337 nobis
866 2295 956 2345 erit,
988 2309 1083 2335 cum
1114 2294 1306 2335 omnibus
1336 2292 1572 2334 hominibus

186 2364 382 2420 astringi;
415 2373 541 2420 atque
570 2364 628 2405 ita
651 2380 724 2406 nos
745 2374 852 2405 totos
883 2363 923 2404 in
947 2362 1117 2412 Christi,
1140 2361 1255 2403 velut
1277 2361 1386 2402 unici
1407 2370 1572 2402 aexem-

187 2432 260 2488 pli,
283 2447 415 2473 mores
434 2432 614 2473 formari.

233 2570 243 2587 ῑ
265 2567 361 2597 Joan.
378 2566 444 2596 viii.
465 2575 515 2596 12.
553 2567 645 2596 Rom.
664 2567 731 2597 viii.
750 2575 802 2604 24.
840 2576 852 2596 1
873 2566 946 2596 Cor.
964 2565 985 2595 i.
1002 2574 1055 2603 30.
1086 2565 1193 2596 Colos.
1210 2565 1233 2596 i.
1250 2572 1280 2605 5.
1305 2564 1339 2595 ii.
1354 2574 1386 2603 3.
1409 2563 1456 2594 iii.
1470 2572 1503 2601 4,
1524 2573 1573 2594 11.

195 2631 207 2652 1
228 2622 296 2652 Pet.
312 2621 375 2659 i.4.
517 2627 532 2640 ¹¹
554 2622 649 2650 Joan.
666 2620 735 2650 xiii.
752 2628 801 2660 15.
829 2629 840 2650 1
859 2620 926 2650 Pet.
942 2619 976 2648 ii.
994 2628 1044 2648 21.
1072 2627 1084 2648 1
1103 2620 1199 2648 Joan.
1215 2618 1248 2648 ii.
1266 2617 1297 2649 6.
1441 2623 1456 2637 Χ
1478 2617 1574 2647 Rom.

192 2674 234 2705 vi.
253 2684 284 2711 2,
300 2684 334 2713 3,
356 2684 403 2705 10.
428 2673 499 2704 Gal.
516 2674 550 2704 ii.
570 2683 619 2714 19.
643 2674 750 2704 Colos.
766 2673 801 2704 ii.
819 2682 869 2703 20.
892 2673 936 2702 iii.
956 2682 983 2702 1.
1009 2681 1026 2702 2
1041 2672 1128 2702 Tim.
1144 2672 1178 2702 ii.
1199 2682 1247 2702 11.
1440 2677 1455 2697 y
1479 2671 1574 2701 Rom.

193 2728 261 2758 viii.
281 2737 331 2759 20.
360 2738 371 2758 1
393 2728 465 2759 Cor.
481 2738 534 2758 xv.
551 2734 606 2767 47,
624 2727 678 2765 48,
696 2736 751 2768 49.
852 2733 864 2747 ἰ
882 2727 978 2757 Joan.
994 2726 1062 2756 xiii.
1081 2735 1132 2763 13,
1149 2735 1198 2763 14.
1222 2736 1274 2756 xv.
1292 2736 1340 2757 12.
1366 2726 1481 2767 Ephes.
1497 2735 1527 2755 v.
1545 2734 1574 2756 2.

196 2781 278 2812 Heb.
293 2781 350 2812 xii.
366 2790 413 2821 14.
545 2788 557 2802 ³
581 2781 651 2812 Gal.
667 2781 702 2812 ii.
721 2791 771 2812 20.
800 2791 812 2812 ι
831 2781 897 2812 Pct.
913 2781 946 2812 ii.
963 2789 1014 2811 21.
1043 2789 1054 2811 1
1073 2782 1168 2811 Joan.
1184 2780 1217 2812 ii.
1235 2780 1265 2811 6.
