1799 3077
524 126 819 167 ANNALES
853 127 1136 167 PAULINI.
1439 128 1523 170 '365

137 241 289 297 telligo,
312 240 410 296 quia
442 240 600 280 Paulus
630 240 782 281 indicat
813 256 853 280 se
883 239 1008 280 fuisse
1036 239 1272 281 Antiochiae
1302 250 1399 282 tunc
1429 257 1523 282 cum
1548 257 1728 295 AEraevulg.

138 311 287 350 Petrus
306 308 404 349 illuc
426 308 559 350 venit:
593 310 744 350 Petrus
764 318 902 349 autem
926 323 1008 349 non
1030 308 1130 349 adiit
1151 307 1417 349 Antiochiam
1441 309 1524 350 ullo

135 387 332 433 tempore,
354 392 438 433 quo
458 377 499 417 in
520 392 568 418 ea
589 377 691 417 urbe
712 376 871 417 Paulus
900 376 981 416 fuit
1006 384 1100 416 ante
1123 375 1351 417 Concilium
1377 376 1525 417 Hiero-

135 447 448 502 solymitanum:
484 448 542 487 Et
569 457 768 503 praeterea
794 447 1000 488 dissensus
1028 448 1134 487 inter
1160 446 1340 487 Paulum
1363 456 1402 487 et
1424 448 1525 488 Bar-

135 515 297 565 nabam,
319 515 391 571 qui
422 516 546 556 Petro
574 515 913 556 familiarissimus
940 524 1040 564 erat,
1068 514 1162 556 hinc
1189 524 1326 556 ortum
1356 515 1525 557 traxisse

137 583 311 624 videtur.

191 653 251 693 Et
277 653 377 709 ipse,
400 662 612 708 assumpto
642 652 742 702 Sila,
765 652 837 708 qui
864 652 1053 693 interfuit
1076 653 1261 693 Concilio
1284 653 1525 711 Hierosoly-

134 721 301 770 mitano,
334 721 634 777 perambulavit
667 720 827 777 Syriam
866 730 905 761 et
937 720 1137 771 Ciliciam,
1169 722 1414 763 confirmans
1443 722 1524 763 fra-

135 799 229 838 tres,
252 787 499 844 tradensque
526 788 574 829 iis
600 788 808 844 dogmata,
832 804 926 844 quae
948 798 1064 829 erant
1084 789 1247 830 decreta
1267 789 1320 831 ab
1342 792 1524 846 Aposto-

134 856 195 906 lis,
218 871 282 897 xv.
305 857 370 896 41.
394 856 475 896 xvi.
500 858 536 896 4.

192 924 386 965 Pervenit
412 932 550 965 autem
578 923 619 963 in
648 924 815 964 Derben
847 933 887 964 et
914 925 1126 981 Lystram,
1152 926 1221 967 ubi
1250 926 1521 968 Timotheum

132 991 380 1048 discipulum
401 991 625 1042 inveniens,
643 991 912 1041 circumcidit,
935 1001 975 1033 et
996 1008 1132 1034 secum
1154 993 1343 1043 abduxit,
1366 994 1448 1035 xvi.
1466 996 1502 1035 1.

190 1060 299 1101 Dein
326 1070 517 1117 peragrat
539 1060 765 1116 Phrygiam
787 1070 827 1101 et
850 1060 1070 1113 Galatiam,
1094 1071 1134 1103 et
1155 1077 1229 1118 per
1251 1062 1433 1117 Mysiam
1455 1079 1521 1104 ve-

134 1129 193 1170 nit
216 1129 440 1179 Troadem,
466 1128 536 1169 ubi
565 1144 605 1169 se
632 1127 690 1168 illi
718 1129 905 1169 comitem
936 1129 1173 1186 adjunxisse
1193 1130 1346 1171 indicat
1367 1131 1518 1191 Lucas,

134 1198 216 1238 xvi.
236 1200 300 1239 10.
348 1198 430 1248 Qui
451 1207 571 1238 antea
591 1196 712 1238 etiam
734 1197 969 1239 Antiochiae
991 1214 1084 1240 cum
1105 1198 1238 1240 Paulo
1259 1199 1353 1250 fuit,
1376 1209 1416 1240 et
1431 1200 1517 1256 jam

132 1282 225 1308 eum
250 1266 418 1307 Troade
444 1275 654 1308 assecutus
681 1275 766 1312 est3
804 1275 848 1306 ut
869 1266 1058 1323 colligere
1078 1267 1172 1308 licet
1188 1283 1238 1309 ex
1260 1269 1348 1310 Act.
1372 1268 1424 1309 xi.
1448 1271 1517 1310 28.

135 1334 206 1376 ubi
226 1334 354 1375 codex
379 1335 575 1376 Cantabr.
596 1334 721 1375 habet
742 1335 1069 1391 συνεστραμμένων
1091 1337 1125 1376 δὲ
1147 1341 1257 1388 ἡμῶν.
1309 1336 1381 1377 Ab
1412 1352 1519 1378 anno

132 1403 259 1460 igitur
280 1406 344 1445 43.
368 1419 440 1460 per
462 1403 710 1445 Octennium
732 1403 958 1459 discipulus
980 1404 1115 1446 fuerat
1136 1405 1382 1447 Antiochiae.

192 1473 359 1514 Troade
380 1473 524 1514 transit
544 1473 585 1513 in
609 1471 908 1513 Macedoniam.

192 1543 386 1583 Moratur
407 1541 621 1599 Philippis.

194 1611 298 1652 Inde
328 1611 471 1652 itinere
502 1611 610 1652 facto
640 1626 714 1666 per
739 1611 1014 1668 Amphipolin
1040 1621 1080 1653 et
1105 1612 1385 1668 Apolloniam,
1408 1614 1515 1655 venit

136 1678 483 1729 Thessalonicam,
505 1679 574 1720 ubi
597 1678 668 1720 diu
690 1678 897 1734 praedicat.

193 1747 298 1788 Inde
319 1747 466 1788 missus
485 1756 545 1788 est
568 1749 772 1798 Beroeam,
797 1748 867 1788 ubi
889 1747 1130 1804 aliquandiu
1152 1759 1346 1790 moratur.

193 1816 363 1857 Interim
392 1818 420 1856 J
425 1816 533 1857 udaei
564 1817 640 1857 hoc
671 1831 777 1857 anno
808 1816 974 1857 ineunte
995 1833 1018 1858 a
1040 1816 1217 1858 Claudio
1246 1819 1382 1859 Roma
1408 1819 1515 1875 pulsi

131 1895 238 1926 sunt.
300 1885 415 1925 Anni
443 1885 569 1941 hujus
596 1884 848 1941 expulsionis
875 1885 985 1926 solus
1008 1886 1178 1927 Orosius
1204 1885 1353 1927 diserte
1378 1887 1517 1928 memi-

133 1953 205 2003 nit,
238 1953 307 1994 lib.
336 1953 401 1993 vii.
431 1969 463 1994 c.
489 1955 524 1994 4.
559 1953 621 1994 his
652 1953 969 1994 verbis—Anno
999 1954 1180 2009 ejusdem
1209 1955 1381 1995 Claudii
1410 1971 1517 1997 nono

131 2023 322 2077 expulsos
341 2037 423 2078 per
447 2022 669 2063 Claudium
695 2023 795 2063 urbe
814 2022 988 2063 Judceos
1014 2023 1220 2078 ,Iosephus
1246 2024 1376 2078 refert
1389 2041 1401 2064 :
1435 2025 1516 2065 Sed

131 2090 218 2130 haec
248 2102 387 2146 aperte
417 2089 520 2131 falsa
550 2099 668 2131 sunt:
703 2090 819 2131 Nihil
849 2090 956 2131 enim
977 2092 1006 2131 J
1010 2090 1189 2146 osephus
1209 2090 1261 2131 de
1280 2106 1387 2132 anno
1409 2107 1517 2134 nono

133 2157 312 2207 Claudii,
340 2157 422 2198 imo
453 2157 553 2198 nihil
582 2158 749 2200 omnino
779 2158 830 2199 de
857 2157 1097 2215 expulsione
1124 2160 1154 2199 J
1160 2158 1388 2210 udaeorum,
1411 2160 1517 2202 circa

131 2225 240 2265 hunc
267 2225 462 2281 temporis
490 2234 664 2266 tractum
694 2226 844 2273 refert;
878 2241 1013 2282 neque
1039 2225 1163 2267 ullius
1183 2227 1212 2266 J
1217 2226 1432 2268 ud'aeorum
1453 2236 1516 2269 tu-

131 2292 288 2334 multus
307 2293 360 2334 ad
382 2308 476 2334 eum
498 2309 652 2335 annum
674 2294 859 2336 meminit
881 2295 1067 2336 Tacitus.

188 2361 269 2402 Sed
290 2363 320 2402 J
323 2362 521 2418 osephum
543 2363 726 2404 nominat
747 2363 930 2413 Orosius,
954 2374 1001 2404 ut
1021 2364 1109 2419 conj
1118 2374 1245 2419 ungat
1266 2364 1370 2405 hanc
1391 2364 1515 2405 histo-

132 2429 232 2470 riam
252 2445 346 2471 cum
369 2430 551 2472 tumultu
573 2436 701 2487 quem
719 2432 844 2473 refert
864 2431 1074 2473 Eusebius
1094 2448 1144 2472 ex
1165 2433 1194 2472 J
1198 2432 1361 2488 osepho.

188 2498 394 2538 Praeterea
421 2499 590 2539 Orosius
623 2499 919 2554 prochronismi
952 2499 1155 2540 manifesti
1187 2515 1280 2541 reus
1311 2500 1376 2540 hic
1406 2511 1514 2542 tene-

130 2575 210 2615 tur,
238 2566 409 2622 ejusque
438 2567 732 2622 prochronismi
762 2583 883 2608 causa
912 2567 1007 2608 satis
1034 2577 1176 2624 aperta
1206 2578 1278 2608 est.
1339 2568 1510 2611 Dixerat

129 2633 232 2674 enim
262 2650 372 2675 (ωιηο
396 2636 567 2676 Claudii
594 2637 751 2691 quinto,
774 2637 882 2676 inter
909 2636 1091 2677 Theram
1118 2642 1156 2677 et
1183 2637 1430 2678 Therasiam
1451 2639 1514 2677 ‘in-

128 2702 219 2741 sula
241 2704 427 2748 conis-uit,-
461 2719 555 2759 quac
578 2703 721 2744 habuit
743 2719 793 2744 ex
816 2703 988 2745 Eusebii
1011 2704 1239 2745 Chronico:
1273 2707 1334 2747 At
1355 2714 1510 2746 constat

130 2768 204 2808 hoc
226 2771 439 2824 contigisse
460 2787 566 2811 anno
589 2771 751 2812 Claudii
776 2787 831 2811 vr.
854 2772 939 2825 jam
963 2782 1148 2814 exeunte.

1620 300 1656 328 L.

1581 386 1701 414 Claudii

1616 437 1663 458 10.

1610 1071 1660 1100 111.

1570 1158 1689 1187 Claudii

1611 1210 1659 1231 11.

1598 1767 1665 1796 LlI.

1568 1852 1688 1881 Claudii

1608 1904 1654 1925 12.
