1799 3077
433 140 668 181 NOELLI
703 140 1170 181 CATECHISMUS.
1415 144 1498 185 257

112 264 215 307 sent,
236 254 278 296 in
301 255 390 312 ejus
409 254 613 296 vindicem
633 263 759 310 atque
779 262 1034 303 assertorem,
1056 252 1258 310 imperitae
1278 260 1298 290 q
1312 253 1497 295 multitu-

110 323 217 364 dinis
236 323 379 364 odium
401 323 669 364 concitarunt.

170 393 233 432 M.
279 392 420 441 Quum
454 390 614 446 judicio
648 390 868 432 damnatus
906 390 971 441 sit,
1010 388 1221 446 quomodo
1255 403 1330 429 sua
1361 387 1497 444 ipsum

111 468 255 515 sponte
274 467 448 499 mortem
471 457 617 499 obiisse
638 457 767 499 dicis?

167 530 223 569 A.
259 528 302 570 Si
334 528 548 579 Pharisaei,
580 538 653 569 aut
685 528 854 579 Scribae,
885 537 957 568 aut
989 525 1132 568 Judaei
1162 524 1245 576 alii,
1271 534 1345 566 aut
1377 524 1497 565 simul

110 595 304 648 universi,
326 597 422 638 vitae
451 597 644 653 necisque
673 605 917 652 potestatem
938 595 981 636 in
1003 594 1216 637 Christum
1243 592 1497 642 habuissent,

102 663 356 719 jamdudum
378 664 437 705 illi
462 674 636 706 mortem
667 673 965 711 maturassent3
1000 678 1107 720 saepe
1136 661 1245 703 enim
1266 669 1412 701 rantea
1440 659 1498 699 illi

108 732 329 787 perniciem
360 747 586 788 necemque
619 732 840 773 machinati
871 732 1048 772 fuerant.
1112 730 1193 772 Sed
1224 738 1264 770 et
1293 743 1426 785 quum
1456 728 1497 767 in

107 799 223 840 aliud
258 810 421 856 tempus
461 800 710 856 supplicium
745 801 836 856 ejus
869 799 1033 840 differre
1068 797 1318 847 statuissent,
1351 795 1497 852 squod

106 866 236 908 festus
256 867 323 908 ille
344 870 605 925 Azymorum
628 868 729 918 dies,
751 883 875 924 quem
903 867 1225 908 anniversarium
1256 880 1416 906 summa
1436 881 1498 906 re-

107 934 258 991 ligione
288 936 613 993 caeremoniaque
647 936 853 978 celebrare
884 935 1083 985 solebant,
1108 936 1197 991 jam
1227 935 1409 982 adesset;
1444 950 1495 975 ne

107 1002 150 1043 id
170 1004 338 1059 quidem
370 1004 527 1046 efficere
553 1013 794 1061 potuerunt,
817 1004 919 1060 quin
940 1005 1017 1045 sub
1038 1004 1174 1061 ipsum
1196 1004 1305 1046 diem
1328 1005 1494 1055 festum,

108 1071 242 1113 alieno
266 1072 364 1129 ipsis
394 1083 591 1130 tempore,
615 1073 685 1114 sed
708 1072 906 1114 divinitus
925 1073 1022 1114 huic
1042 1073 1101 1114 rei
1121 1073 1360 1124 constituto,
1382 1084 1495 1130 pate-

106 1149 233 1180 retur.
294 1141 421 1181 Unde
452 1141 548 1182 satis
577 1150 750 1191 constat,
770 1141 813 1181 in
843 1140 1027 1197 ipsorum
1058 1156 1183 1183 manu
1215 1158 1262 1184 ac
1293 1153 1495 1199 potestate

107 1208 223 1248 nulla
242 1208 389 1249 harum
410 1224 547 1250 rerum
579 1217 650 1250 aut
682 1219 916 1265 temporum
938 1219 1147 1251 momenta
1166 1211 1243 1252 sita
1262 1212 1401 1262 fuisse,
1424 1214 1495 1254 sed

106 1290 182 1316 sua
200 1276 336 1332 ipsum
358 1276 608 1327 tvoluntate,
630 1277 744 1318 nulla
773 1277 813 1318 vi
843 1286 1046 1328 coactum,
1073 1278 1177 1319 hanc
1212 1289 1384 1321 mortem
1419 1296 1495 1336 pro

105 1353 245 1385 nostra
264 1345 394 1386 salute
415 1345 645 1402 oppetiisse.

165 1414 229 1453 M.
262 1414 400 1463 Quare
430 1429 523 1455 eum
555 1413 813 1470 potissimum
845 1413 954 1456 necis
987 1413 1096 1454 diem
1129 1414 1186 1455 illi
1222 1416 1340 1455 Deus
1371 1415 1493 1457 desti-

105 1481 249 1522 navit?

164 1552 220 1592 A.
264 1553 327 1593 Ut
358 1567 409 1593 ex
441 1552 530 1608 ipso
559 1551 681 1593 etiam
717 1560 901 1608 tempore
933 1552 1244 1608 intelligeretur,
1278 1553 1491 1595 Christum

106 1635 192 1661 esse
234 1620 352 1661 illum
393 1620 683 1671 uPaschalem,
724 1620 766 1661 id
806 1630 881 1671 est,
921 1637 1016 1662 vere
1055 1632 1211 1662 castum
1253 1637 1492 1678 purumque

105 1704 287 1745 agnum3
331 1688 404 1745 qui
439 1700 570 1729 morte
600 1697 815 1740 mactatus,
846 1688 1119 1746 gratissimam
1154 1705 1195 1730 se
1230 1690 1345 1731 Patri
1378 1691 1493 1732 victi-

105 1772 211 1798 mam
235 1772 312 1813 pro
331 1757 449 1798 nobis
467 1757 682 1813 praeberet.

164 1826 227 1866 M.
261 1826 402 1875 Quum
433 1825 632 1881 eligendae
662 1824 805 1865 mortis
824 1824 938 1880 optio
959 1840 1083 1881 penes
1102 1825 1238 1881 ipsum
1260 1826 1398 1877 fuerit,
1418 1844 1493 1869 cur

104 1893 147 1934 in
176 1909 339 1935 crucem
369 1893 437 1950 agi
458 1893 603 1944 voluit,
625 1893 764 1949 potius
784 1908 909 1948 quam
935 1893 1015 1934 alio
1034 1893 1181 1950 quovis
1211 1895 1413 1952 supplicio
1432 1897 1492 1937 af-

103 1961 199 2002 fici?

162 2031 211 2070 A.
245 2029 434 2070 Primum
454 2029 622 2085 quidem
643 2045 694 2070 ex
722 2029 858 2070 Patris
888 2029 951 2070 sui
971 2029 1199 2080 voluntate,
1220 2030 1273 2071 ad
1293 2045 1418 2086 quam
1450 2047 1491 2072 se

105 2098 423 2147 xconformavit,
445 2114 624 2154 quaeque
654 2107 716 2139 tot
746 2097 1117 2149 vaticinationibus,
1139 2098 1327 2149 oraculis,
1350 2099 1489 2155 signis,

105 2175 231 2221 atque
263 2166 422 2207 indiciis
457 2166 654 2207 divinitus
683 2166 778 2207 olim
810 2166 974 2222 prodita
1004 2166 1085 2207 fuit
1115 2175 1241 2222 atque
1273 2166 1488 2208 declarata.

107 2234 285 2285 Deinde,
323 2234 469 2275 ultima
502 2234 640 2276 omnia
673 2234 759 2290 pati
793 2234 925 2275 voluit
964 2249 1039 2290 pro
1073 2234 1205 2285 nobis,
1236 2235 1309 2290 qui
1344 2235 1491 2276 ultima

104 2302 242 2343 omnia
271 2318 433 2344 eramus
462 2303 699 2344 commeriti.
761 2304 867 2343 Erat
901 2302 1008 2343 enim
1045 2303 1149 2343 illud
1184 2303 1326 2344 mortis
1358 2320 1490 2359 genus

104 2385 191 2425 prae
211 2371 367 2411 caeteris
387 2370 578 2412 omnibus
598 2380 618 2409 y
631 2370 906 2411 execrandum
928 2379 969 2411 et
988 2370 1241 2421 detestabile,
1262 2387 1346 2426 quo
1366 2372 1491 2427 potis-

105 2439 254 2478 simum
276 2447 412 2479 tamen
438 2454 515 2495 pro
541 2438 658 2480 nobis
679 2439 920 2480 occumbere
940 2438 1086 2489 voluit,
1108 2448 1155 2480 ut
1176 2439 1307 2479 diram
1329 2455 1490 2480 execra-

147 2577 161 2596 ‘1
186 2571 268 2601 Mat.
284 2570 385 2601 xxvii.
401 2579 451 2600 20.
475 2572 560 2602 Mar.
577 2581 630 2602 xv.
651 2580 699 2601 11.
831 2577 842 2591 f
865 2571 944 2602 Luc.
962 2571 1005 2602 xi.
1021 2579 1072 2611 53.
1095 2581 1150 2602 xx.
1170 2582 1217 2612 19.
1241 2574 1336 2602 Joan.
1352 2573 1418 2603 viii.
1436 2582 1488 2613 59.

105 2623 148 2654 xi.
165 2632 219 2663 53,
237 2631 290 2664 57.
432 2631 443 2644 ς
467 2625 548 2655 Mat.
564 2625 648 2654 xxvi.
663 2633 693 2662 4.
718 2625 801 2654 Mar.
818 2625 882 2655 xiv.
904 2634 929 2655 1.
1072 2627 1082 2644 ²
1106 2626 1191 2656 Esai.
1209 2626 1267 2656 liii.
1287 2634 1317 2666 7,
1336 2636 1382 2656 12.
1407 2627 1489 2657 Mat.

104 2688 157 2707 xx.
177 2678 227 2708 28.
250 2678 338 2708 xxvi.
356 2687 406 2718 53.
430 2678 526 2708 Joan.
543 2689 573 2708 x.
592 2685 641 2718 17.
807 2684 821 2697 ¹¹
846 2678 928 2708 Mat.
946 2679 1033 2709 xxvi.
1051 2688 1079 2709 2.
1105 2679 1183 2709 Luc.
1201 2679 1280 2709 xxii.
1302 2690 1329 2715 1,
1349 2687 1377 2719 7.
1404 2681 1487 2710 Mar.

105 2732 170 2760 xiv.
192 2741 219 2761 1.
247 2741 258 2761 1
280 2732 354 2763 Cor.
372 2742 401 2762 v.
419 2739 448 2772 7.
473 2732 556 2762 Heb.
572 2731 625 2762 vii.
643 2738 692 2771 27.
865 2737 879 2750 x
903 2732 990 2762 Esai.
1007 2732 1066 2762 liii.
1089 2742 1136 2762 12.
1161 2733 1242 2763 Mat.
1261 2733 1348 2762 xxvi.
1364 2743 1417 2772 39,
1436 2743 1488 2770 42·

107 2785 190 2814 Mar.
206 2795 256 2814 xv.
278 2786 328 2815 28.
357 2786 434 2816 Luc.
451 2785 528 2816 xxii.
545 2793 597 2825 37.
620 2786 717 2815 duan.
734 2785 780 2815 iii.
798 2795 845 2822 ¹4-
977 2792 985 2811 ³
1015 2786 1111 2817 Dent.
1130 2787 1197 2817 xxi.
1215 2796 1265 2825 23.
1290 2787 1360 2816 Gal.
1377 2788 1420 2816 iii.
1441 2796 1487 2823 ¹3.-

163 2852 256 2877 voL.
283 2852 311 2879 I.
841 2856 857 2877 s
