1799 3077
448 144 684 186 NOELLI
719 143 1188 185 CATECHISMUS.
1437 148 1521 188 253

127 274 178 299 ex
201 258 339 300 Maria
355 258 539 315 Virgine,
561 257 700 315 potius
721 272 845 314 quam
869 265 1079 307 consueta,
1101 272 1147 297 ac
1167 257 1345 297 naturali
1368 259 1521 301 ratione

127 330 399 383 procreatus?

187 397 243 436 A.
277 394 361 446 Qui
391 394 565 436 aliorum
594 393 743 435 scelera
773 394 953 450 expiare,
975 393 1208 450 impiosque
1237 409 1284 434 ac
1309 393 1524 437 damnatos

130 466 172 507 in
200 466 410 522 integrum
440 464 657 506 restituere
688 464 835 506 debeat
863 480 911 506 ac
943 464 1085 521 possit,
1108 464 1223 505 nulla
1254 464 1390 520 ipsum
1412 465 1524 507 ilabe

129 542 202 575 aut
233 532 395 574 macula
429 531 587 589 peccati
616 531 826 573 imbutum
857 532 923 573 vel
952 547 1181 588 aspersum,
1214 532 1285 572 sed
1328 533 1526 589 singulari

129 617 177 642 ac
198 616 359 642 summa
377 600 627 656 integritate,
649 608 691 641 et
721 600 954 642 innocentia
977 600 1203 657 praeditum
1233 616 1319 642 esse
1349 610 1526 657 oportet.

133 671 275 720 Quum
316 684 414 725 ergo
456 669 621 725 penitus
660 668 942 724 keorruptum
983 677 1023 710 et
1065 669 1391 710 contaminatum
1425 679 1530 711 esset

133 739 364 779 humanum
400 752 552 786 semen,
587 737 630 777 in
667 736 933 792 conceptione
970 737 1067 777 Filii
1099 737 1194 788 Dei,
1226 737 1439 778 mirificam
1472 747 1531 779 at-

134 823 216 863 que
237 821 426 847 arcanam
457 804 637 861 Spiritus
668 804 806 845 Sancti
828 805 1040 856 virtutem,
1064 803 1174 862 lqua
1193 805 1235 846 in
1257 816 1376 847 utero
1395 807 1533 848 castis-

136 875 248 916 simae
278 873 592 930 purissimaeque
615 872 810 928 Virginis,
842 882 968 929 atque
999 889 1048 914 ex
1080 874 1171 929 ejus
1199 874 1428 915 substantia
1451 876 1534 916 for-

136 953 334 992 maretur,
355 941 608 982 intercedere
628 940 828 997 oportuit,
851 956 903 982 ne
930 942 1139 982 communi
1169 942 1239 983 illa
1268 943 1438 983 humani
1464 959 1534 999 ge-

138 1010 246 1052 neris
265 1010 357 1050 labe
378 1025 424 1050 ac
445 1008 689 1065 contagione
719 1008 986 1065 pollueretur.
1050 1010 1242 1051 Christus
1272 1026 1371 1067 ergo
1402 1010 1536 1067 puris-

140 1078 268 1120 simus
289 1076 404 1117 mille
424 1092 557 1132 agnus
584 1092 609 1117 a
642 1076 800 1133 Spiritu
833 1078 1000 1127 Sancto,
1021 1086 1224 1134 conceptu
1251 1077 1422 1134 virginis
1452 1077 1537 1118 sine

139 1146 309 1188 crimine
338 1145 504 1202 genitus
533 1144 753 1201 editusque
783 1154 858 1196 est,
892 1156 939 1186 ut
968 1145 1150 1187 maculas
1180 1156 1352 1197 nostras,
1385 1146 1457 1201 qui
1491 1155 1539 1187 ut

142 1214 184 1254 in
205 1222 373 1270 peccato
394 1221 434 1254 et
455 1212 658 1254 dedecore
682 1212 864 1269 primum
885 1213 1073 1270 concepti
1103 1214 1273 1270 natique
1304 1229 1460 1263 sumus,
1482 1213 1540 1254 ita

142 1281 292 1323 deinde
326 1281 369 1322 in
409 1280 522 1338 turpi
554 1281 640 1323 vita
675 1296 993 1334 commoramur,
1030 1281 1177 1333 lueret,
1213 1282 1382 1333 elueret,
1414 1291 1539 1337 atque

145 1350 312 1391 deleret.

204 1420 268 1459 M.
301 1420 365 1460 At
395 1434 470 1460 cur
499 1419 741 1460 nominatim
770 1419 921 1460 Mariae
942 1419 1125 1476 Virginis
1144 1419 1191 1460 fit
1211 1418 1380 1470 mentio,
1402 1418 1443 1459 in
1463 1418 1540 1459 hac

144 1487 397 1528 confessione
420 1487 681 1528 Christiana?

206 1557 260 1596 A.
294 1557 358 1596 Ut
378 1565 626 1611 agnoscatur
651 1571 737 1596 esse
760 1570 903 1596 verum
934 1555 1037 1596 illud
1058 1565 1079 1584 ¹¹
1094 1555 1281 1597 Abrahae
1301 1571 1347 1597 ac
1369 1556 1543 1597 Davidis

148 1639 300 1673 semen,
323 1623 374 1664 de
395 1639 480 1679 quo
502 1623 700 1664 divinitus
722 1623 1081 1665 vaticinationibus
1102 1624 1409 1680 Prophetarum
1439 1640 1545 1681 prae-

149 1692 308 1733 dictum
331 1701 457 1747 atque
477 1700 841 1747 praemonstratum
863 1692 1010 1732 fuerat.

210 1762 274 1801 M.
307 1761 375 1801 Ex
397 1760 461 1800 his
477 1775 573 1815 quae
588 1759 676 1816 jam
698 1768 795 1801 sunt
816 1760 939 1811 dicta,
956 1760 1142 1817 intelligo
1163 1763 1313 1803 Jesum
1331 1762 1545 1804 Christum

151 1828 233 1868 Dei
255 1827 425 1878 Filium,
448 1836 637 1868 naturam
661 1827 884 1868 humanam
906 1827 960 1869 ad
988 1828 1204 1869 hominum
1232 1829 1405 1871 salutem
1426 1829 1547 1871 indu-

151 1898 253 1945 isse;
286 1913 413 1953 perge
434 1887 547 1953 ergo,
566 1896 668 1952 quid
691 1896 841 1938 deinde
861 1897 1018 1938 factum
1038 1900 1129 1938 est?

209 1967 265 2006 A.
298 1965 540 2006 Doctrinam
573 1965 685 2005 illam
708 1964 760 2006 de
786 1964 917 2006 salute
937 1981 1011 2021 per
1033 1965 1248 2006 Christum
1278 1965 1546 2019 restituenda,

151 2033 415 2084 laetissimam,
444 2042 485 2075 et
517 2033 649 2074 modis
680 2033 873 2074 omnibus
902 2033 1099 2084 divinam,
1122 2049 1218 2089 quae
1251 2035 1401 2075 Graeco
1430 2050 1548 2075 voca-

152 2102 253 2143 bulo
274 2101 494 2155 εὐαγγέλιον
514 2101 765 2152 nominatur,
787 2117 812 2142 a
840 2101 1062 2157 Prophetis
1082 2110 1101 2130 0
1117 2101 1277 2142 Sanctis
1307 2101 1388 2142 Dei
1420 2102 1546 2143 servis

154 2170 384 2225 antiquitus
413 2170 634 2225 proditam,
657 2170 776 2226 pipse
804 2170 971 2210 tandem
1004 2169 1309 2225 Prophetarum
1341 2170 1548 2211 Dominus

155 2240 184 2279 J
189 2254 281 2279 esus
304 2238 509 2289 Christus,
535 2238 631 2288 Dei,
660 2247 787 2294 atque
817 2238 926 2278 idem
955 2237 1137 2293 Virginis
1168 2237 1313 2287 Filius,
1334 2238 1377 2278 id
1406 2247 1480 2287 est,
1503 2239 1549 2278 il-

155 2305 228 2345 lud
260 2305 395 2361 ipsum
417 2305 664 2361 promissum
687 2320 839 2355 semen,
862 2320 1003 2345 omnes
1035 2304 1355 2345 luculentissime
1378 2305 1546 2352 docuit3

156 2373 413 2428 eandemque
452 2382 497 2414 ut
538 2388 612 2429 per
650 2373 890 2414 universum
921 2372 1063 2413 orbem
1100 2382 1302 2413 terrarum
1342 2372 1550 2423 docerent,

209 2511 328 2542 iJoan.
344 2512 365 2541 i.
385 2521 434 2552 29.
462 2521 473 2541 1
496 2512 570 2542 Cor.
588 2521 617 2541 v.
638 2518 666 2551 7.
691 2511 776 2542 Heb.
793 2511 836 2542 iv.
856 2519 906 2551 15.
932 2511 976 2541 ix.
999 2519 1047 2549 14.
1158 2511 1173 2531 k
1199 2511 1279 2541 Gen.
1295 2511 1338 2542 vi.
1355 2519 1387 2551 5,
1405 2511 1435 2542 6.
1468 2512 1553 2543 Psal.

158 2566 227 2596 xiv.
245 2575 277 2604 3.
300 2565 335 2594 li.
353 2572 382 2604 5.
408 2565 504 2594 Rom.
518 2564 564 2595 iii.
579 2573 629 2595 10.
735 2563 742 2584 ¹
767 2564 853 2596 Esai.
870 2565 925 2595 vii.
943 2573 990 2602 14.
1014 2565 1097 2594 Mat.
1114 2564 1136 2594 i.
1154 2573 1206 2600 20,
1225 2573 1276 2604 23.
1300 2566 1380 2596 Luc.
1396 2565 1417 2596 i.
1432 2575 1487 2605 31,
1500 2575 1553 2605 35.

160 2624 183 2638 ¹¹¹
200 2619 304 2649 Exod.
322 2619 378 2648 xii.
396 2627 426 2656 5.
451 2620 549 2649 Joan.
565 2619 587 2648 i.
607 2627 659 2659 29,
676 2617 728 2657 36.
757 2628 767 2648 l
788 2618 856 2648 Pet.
873 2618 894 2648 i.
913 2628 962 2659 ¹9·
985 2620 1087 2657 Apoc.
1103 2618 1167 2648 xiv.
1185 2628 1216 2657 4.
1340 2625 1354 2639 ¹¹
1378 2620 1458 2649 Gen.
1475 2620 1552 2650 xxii.

165 2672 213 2702 18.
237 2672 321 2702 Esai.
338 2672 381 2702 xi.
402 2682 427 2702 1.
452 2673 535 2703 Mat.
551 2672 571 2702 i.
591 2682 617 2702 1.
644 2672 722 2702 xxii.
738 2681 790 2709 42.
816 2672 909 2702 Rom.
926 2673 946 2702 i.
962 2681 991 2702 2.
1136 2679 1150 2691 ⁰
1174 2673 1261 2703 Esai.
1276 2673 1335 2704 liii.
1352 2679 1431 2705 toto.
1448 2674 1504 2704 lxi.
1527 2684 1553 2704 1.

162 2726 229 2756 ὗεν.
247 2726 361 2757 xxxiii.
381 2735 428 2764 ¹4·
560 2733 575 2752 Ρ
599 2726 678 2757 Luc.
696 2726 737 2756 iv.
759 2726 806 2756 18.
831 2727 904 2757 Act.
922 2726 968 2756 iii.
985 2735 1037 2765 22,
1056 2735 1106 2766 23.
1130 2725 1251 2766 vii.37.
