1799 3077
448 116 685 159 NOELLI
718 116 1181 158 CATECHISMUS.
1427 121 1509 162 237

177 231 233 271 A.
268 230 511 271 Incredulos
532 239 553 259 ¹¹
568 229 739 286 quidem
758 239 884 286 atque
904 229 1066 286 impios,
1088 229 1179 280 hoc,
1202 244 1286 285 quo
1302 229 1404 281 dixi,
1421 231 1511 273 loco

124 297 217 338 Lex
239 308 280 340 et
301 298 444 340 statuit
465 307 506 340 et
525 298 749 354 relinquit3
782 298 855 354 qui
877 307 924 339 ut
946 313 996 339 ne
1012 297 1227 338 minimum
1244 297 1412 353 quidem
1429 299 1511 340 Le-

120 365 184 421 gis
204 366 361 422 apicem
382 366 552 422 implere
572 374 759 422 possunt,
779 366 837 407 ita
863 365 1020 406 nullam
1046 380 1216 422 prorsus
1241 364 1284 405 in
1314 365 1408 406 Deo
1436 381 1510 422 per

122 433 335 475 Christum
360 434 553 474 fiduciam
576 434 741 475 habent.
804 435 922 474 Inter
940 433 1030 490 pios
1051 442 1202 484 tamen,
1224 432 1323 474 alios
1344 442 1511 489 praeter-

119 517 166 542 ea
189 517 287 543 usus
309 503 400 543 Lex
423 503 558 544 habet.

178 571 244 611 M.
279 572 394 612 Cedo
416 573 554 627 quos?

175 641 231 679 A.
266 639 476 696 Principio
498 640 590 680 Lex
612 647 695 680 tam
716 648 737 667 x
754 649 939 680 exactam
961 639 1057 681 vitae
1077 639 1369 696 perfectionem
1394 640 1509 698 flagi-

117 715 222 756 tans,
245 706 363 762 quasi
393 722 562 762 scopum
593 706 686 762 piis,
707 706 759 747 ad
790 721 915 762 quem
946 706 1166 757 collimare,
1195 716 1236 749 et
1267 717 1432 758 metam,
1454 708 1508 749 ad

115 789 242 829 quam
262 774 360 815 eniti
381 774 610 825 conveniat,
632 775 900 826 demonstrat,
923 784 971 816 ut
991 775 1044 815 ad
1065 790 1267 816 summam
1297 776 1509 817 rectitudi-

115 857 208 883 nem
229 842 359 883 indies
378 842 630 899 proficiendo
646 858 797 898 magno
812 851 963 883 conatu
980 843 1252 892 contendant;
1275 843 1381 885 hanc
1397 844 1504 886 enim

114 920 293 952 mentem
317 911 654 967 voluntatemque
675 911 768 953 Deo
788 911 1009 952 immortali
1037 911 1143 952 duce
1172 911 1230 967 pii
1262 912 1504 968 suscipiunt.

116 980 305 1021 Maxime
325 995 423 1021 vero
443 990 602 1031 cavent,
624 988 827 1036 quantum
849 978 1005 1020 efficere
1026 988 1067 1020 et
1093 980 1286 1035 consequi
1315 991 1503 1036 possunt,

113 1064 165 1089 ne
186 1048 300 1104 quod
320 1047 362 1088 in
383 1047 481 1104 ipsis
501 1047 660 1104 insigne
680 1047 825 1088 vitium
850 1047 976 1088 fuisse
997 1047 1170 1088 dicatur.
1223 1047 1388 1090 Deinde
1408 1065 1503 1091 cum

113 1117 246 1158 multo
267 1117 422 1173 majora
440 1126 460 1155 y
475 1116 632 1157 viribus
657 1115 849 1157 humanis
878 1116 970 1156 Lex
1001 1115 1154 1171 exigat,
1176 1131 1358 1171 cumque
1388 1127 1503 1159 tanto

111 1185 224 1226 oneri
245 1201 287 1226 se
307 1185 483 1242 impares
503 1200 588 1226 esse
610 1184 800 1233 sentiant,
821 1183 874 1225 ad
894 1183 1115 1240 petendam
1136 1199 1160 1224 a
1176 1184 1358 1225 Domino
1375 1185 1502 1227 virtu-

111 1262 193 1293 tem
225 1269 293 1294 eos
323 1254 487 1295 excitat.
548 1254 757 1294 Praeterea
785 1267 879 1293 curn
917 1253 1010 1293 Lex
1047 1268 1116 1293 eos
1146 1261 1348 1308 perpetuo
1382 1262 1501 1296 zreos

110 1331 220 1377 agat,
243 1321 410 1362 salutari
429 1321 569 1362 dolore
590 1321 746 1362 animos
767 1335 907 1361 eorum
931 1319 1129 1376 percellit,
1152 1329 1192 1360 et
1219 1320 1271 1360 ad
1299 1321 1500 1376 poeniten-

109 1389 222 1440 tiam,
245 1390 296 1431 de
316 1406 400 1446 qua
420 1400 514 1431 ante
534 1389 714 1439 memini,
737 1389 981 1444 veniamque
1010 1404 1035 1429 a
1065 1389 1157 1429 Deo
1188 1404 1261 1445 per
1283 1389 1497 1430 Christum

93 1453 327 1514 'petendam
348 1468 474 1515 atque
494 1457 793 1514 impetrandam
815 1457 968 1513 adigit;
1004 1456 1209 1513 simulque
1240 1472 1290 1497 ne
1321 1472 1406 1498 suae
1436 1457 1497 1498 in-

107 1526 306 1568 nocentiae
326 1526 548 1577 confidant,
571 1535 643 1567 aut
666 1525 877 1582 superbire
896 1540 1031 1566 eoram
1055 1526 1148 1565 Deo
1169 1525 1362 1575 audeant,
1385 1540 1495 1565 coer-

107 1603 182 1635 cet.
243 1596 405 1650 Estque
426 1594 504 1635 illis
523 1603 726 1651 perpetuo
745 1593 863 1634 fraeni
884 1593 1027 1644 instar,
1051 1609 1135 1648 quo
1164 1593 1204 1633 in
1238 1592 1318 1633 Dei
1349 1592 1493 1633 timore

106 1662 370 1703 retineantur.
417 1664 632 1703 Postremo
653 1662 754 1703 dum
775 1661 1004 1703 absolutam
1021 1661 1226 1716 justitiam
1247 1669 1265 1689 ὅ
1280 1676 1354 1717 per
1368 1676 1491 1716 opera

106 1745 181 1771 sua
202 1746 242 1771 se
263 1730 457 1786 consequi
485 1745 566 1771 non
596 1745 715 1786 posse
745 1745 796 1770 ex
827 1730 944 1785 Lege
974 1728 1151 1779 discunt,
1173 1744 1267 1770 cum
1298 1744 1371 1784 per
1401 1743 1489 1769 eam

104 1799 334 1840 animorum
357 1814 524 1840 suorum
546 1798 726 1839 maculas
750 1807 876 1854 atque
907 1797 1045 1838 sordes
1065 1797 1086 1826 b
1100 1807 1298 1853 tanquam
1328 1797 1371 1837 in
1402 1813 1490 1853 spe-

104 1866 197 1908 culo
231 1876 519 1918 contueantur,
550 1867 603 1908 ad
638 1866 913 1907 humilitatem
948 1866 1026 1907 hoe
1056 1875 1176 1922 pacto
1206 1865 1403 1916 eruditos,
1435 1865 1489 1906 ad

103 1935 368 1991 quaerendam
389 1936 430 1976 in
454 1935 617 1977 Christo
631 1934 835 1991 justitiam
857 1950 924 1975 eos
945 1942 985 1975 et
1005 1943 1211 1990 praeparat
1231 1943 1271 1975 et
1290 1933 1473 1974 remittit.

161 2005 224 2045 M.
258 2005 472 2054 Quantum
502 2019 601 2060 ergo
630 2003 764 2051 video,
795 2003 986 2058 cLegem
1017 2002 1113 2052 Dei,
1145 2001 1261 2057 quasi
1295 2001 1487 2057 paedago-

102 2088 203 2129 gum
225 2073 433 2129 quendam
460 2072 512 2113 ad
545 2071 759 2113 Christum
790 2086 875 2111 esse
906 2070 1019 2121 dicis,
1041 2086 1136 2126 quae
1167 2085 1240 2110 nos
1270 2085 1343 2126 per
1372 2069 1486 2125 agni-

101 2141 253 2182 tionem
275 2141 416 2192 nostri,
438 2140 737 2197 poenitentiam‚
759 2151 799 2180 et
821 2138 968 2180 Fidem
989 2140 1042 2180 ad
1059 2138 1270 2180 Christum
1291 2147 1402 2179 recta
1416 2137 1486 2178 de-

102 2209 241 2251 ducat.

158 2279 213 2318 A.
249 2278 317 2318 Ita
338 2286 409 2319 est.

250 2392 493 2432 SECUNDA
519 2404 639 2432 PARS
668 2405 733 2432 DE
758 2393 1066 2432 EVANG-ELIO
1093 2403 1155 2431 ET
1180 2391 1321 2431 FIDE.

159 2481 220 2520 M.
252 2480 393 2529 Quum
430 2495 528 2535 ergo
562 2478 742 2529 abunde,
776 2488 822 2519 ut
849 2477 891 2518 in
920 2476 1163 2532 compendio
1193 2475 1268 2517 toti
1298 2475 1395 2516 huic
1428 2475 1480 2516 de
1492 2484 1658 2516 Transitio.

141 2607 154 2619 ¹¹
173 2601 269 2631 Dent.
284 2600 382 2630 xxvii.
395 2598 445 2630 26.
470 2600 564 2630 Rom.
582 2599 627 2629 iii.
644 2608 691 2629 10.
713 2598 824 2628 Jacob.
842 2597 877 2628 ii.
899 2605 947 2627 10.
1060 2601 1075 2615 Χ
1092 2596 1188 2626 Dent.
1206 2595 1247 2626 vi.
1264 2594 1296 2632 6,
1316 2603 1344 2635 7.
1368 2596 1478 2626 Josue.

96 2654 118 2684 i.
139 2661 171 2694 7,
186 2653 216 2683 8.
240 2654 323 2684 Psal.
340 2654 361 2684 i.
378 2663 406 2684 2.
494 2659 508 2678 y
523 2653 607 2683 Psal.
625 2652 709 2682 cxix.
723 2659 753 2691 5.
777 2651 871 2681 Rom.
888 2650 943 2680 vii.
964 2658 1012 2687 ¹4·
1037 2658 1053 2679 2
1072 2649 1145 2679 Cor.
1162 2648 1207 2679 iii.
1224 2657 1254 2689 5.
1354 2655 1365 2669 2
1381 2649 1480 2680 Deut.

97 2707 197 2738 xxvii.
217 2707 266 2738 26.
291 2707 384 2737 Rom.
402 2707 449 2736 iii.
469 2716 519 2744 10,
541 2715 591 2741 ιι,
612 2714 659 2735 12.
685 2714 701 2734 2
717 2705 791 2734 Cor'.
808 2703 854 2733 iii.
872 2713 902 2743 9.
1011 2710 1023 2724 ³
1042 2702 1135 2732 Prov.
1152 2712 1206 2733 xx.
1224 2712 1254 2742 9.
1279 2702 1373 2732 Rom.
1386 2703 1406 2732 i.
1426 2712 1477 2739 20,

97 2769 147 2791 21.
173 2761 242 2790 Gal.
255 2760 288 2791 ii.
310 2759 357 2790 16.
445 2759 460 2779 ¹>
476 2760 570 2790 Rom.
588 2759 634 2788 iii.
654 2767 703 2788 20.
721 2758 774 2788 vii.
790 2765 817 2796 7.
907 2764 919 2775 ς
933 2757 1026 2786 Rom.
1041 2766 1072 2786 x.
1091 2765 1119 2793 4.
1147 2756 1271 2786 Gaffiii.
1290 2766 1337 2791 10,
1354 2757 1410 2786 &tu
1427 2765 1476 2792 24.
