1799 3077
531 118 757 161 JUELLI
789 118 1128 161 APOLOGIA.
1437 124 1519 165 1923

130 230 435 287 Evangelium3
468 240 523 282 et,
546 241 594 273 ut
613 230 670 274 ait
691 231 992 289 Hieronymus,
1010 233 1165 273 Omnes
1185 231 1414 290 Episcopos
1431 235 1516 276 ubi-
1533 249 1581 278 Ad
1598 250 1726 290 Evagri-

131 313 296 354 cunque
327 298 493 340 tandem
524 299 619 351 sint,
649 299 732 341 sive
763 301 925 350 Romae,
955 300 1039 341 sive
1069 299 1273 356 Eugubii,
1299 300 1382 341 sive
1414 303 1522 343 Con..
1533 301 1596 322 ⁰¹¹¹·

132 366 430 423 stantinopolis,
453 367 536 408 sive
556 368 725 424 Rhegii,
748 368 931 424 ejusdem
960 384 1045 410 esse
1075 367 1225 418 meriti,
1248 368 1432 424 ejusdem
1463 385 1523 411 sa-

131 434 313 475 cerdotii.
364 436 513 491 thue
535 436 772 493 Cyprianus
791 436 863 486 ait,
884 436 1185 492 Episcopatum
1206 451 1338 477 unum
1360 453 1459 487 esse,
1482 449 1522 479 et
1535 452 1582 479 De
1598 451 1715 491 simpli-

132 502 221 557 ejus
240 511 399 558 partem
421 502 465 543 in
486 503 663 544 solidum
692 504 822 545 teneri
852 520 877 544 a
907 503 1089 561 singulis.
1151 506 1211 545 Et
1241 504 1293 545 de
1324 506 1524 547 sententia
1536 495 1719 567 ffissffiffl'l‘ae‘

132 570 280 611 Niceni
303 571 489 621 Concilii,
512 573 751 613 Romanum
782 572 1038 629 Episcopum
1069 572 1199 613 nihilo
1227 572 1322 629 plus
1346 573 1455 629 juris
1482 574 1526 614 in

132 638 360 679 Ecclesiam
384 639 463 680 Dei
485 640 683 691 obtinere,
707 656 832 696 quam
854 640 1034 696 reliquas
1062 640 1323 708 Patriarchas
1343 641 1528 682 Alexan-

133 707 315 758 drinum,
337 716 377 748 et
399 708 711 748 Antiochenum
730 725 738 748 :
773 710 1012 750 Romanum
1033 725 1131 750 vero
1159 709 1432 766 Episcopum,
1455 711 1528 766 qui

133 790 245 815 nunc
265 775 316 815 ad
340 790 381 816 se
402 790 533 815 unum
554 775 693 815 omnia
712 788 891 828 revocat,
912 775 988 817 nisi
1009 776 1188 817 officium
1209 776 1346 827 faciat,
1364 777 1441 819 nisi
1457 778 1529 819 ad-

134 842 337 884 ministret
367 852 634 893 sacramenta,
664 843 740 884 nisi
771 843 961 885 instituat
990 844 1210 901 populum,
1241 845 1317 886 nisi
1348 855 1526 898 moneat,

134 910 211 951 nisi
232 910 390 961 doceat,
407 926 459 952 ne
480 910 739 967 Episcopum
762 911 931 967 quidem
953 921 1026 953 aut
1047 912 1214 954 omnino
1231 914 1528 973 I³resbyterum

129 979 225 1035 jure
245 979 467 1020 dicendum
494 994 593 1020 esse.
653 979 907 1035 Episcopum
938 980 1061 1030 enim,
1086 989 1132 1021 ut
1158 981 1427 1037 Augustinus
1456 982 1527 1033 ait,
1545 993 1670 1024 1.Tim.
1688 994 1720 1025 ii.

136 1063 286 1088 nomen
307 1063 392 1088 esse
413 1047 561 1104 operis,
584 1062 667 1088 non
688 1047 881 1096 honoris;
914 1057 961 1089 ut
982 1048 1049 1089 ille
1070 1064 1111 1090 se
1126 1049 1329 1106 intelligat
1345 1065 1427 1091 non
1444 1067 1530 1092 esse

136 1116 408 1172 Episcopum,
430 1115 500 1171 qui
524 1115 622 1157 velit
643 1131 832 1172 praeesse,
855 1125 895 1158 et
916 1132 998 1157 non
1018 1117 1223 1173 prodesse.
1273 1119 1414 1174 Caput
1433 1134 1531 1160 vero

137 1183 334 1225 Ecclesiae
354 1183 495 1234 totius,
518 1193 591 1224 aut
613 1184 884 1225 universalem
908 1184 1182 1241 Episcopum,
1204 1201 1286 1226 non
1307 1186 1438 1243 magis
1458 1196 1532 1228 aut

138 1252 269 1303 illum,
292 1261 364 1293 aut
383 1252 510 1293 alium
532 1252 720 1308 quemvis
741 1253 956 1294 mortalem
984 1269 1070 1295 esse
1095 1269 1228 1310 posse,
1251 1270 1377 1310 quam
1411 1270 1532 1311 spon-

138 1336 244 1372 sum,
277 1336 403 1377 quam
437 1320 585 1371 lucem,
619 1336 745 1376 quam
782 1320 971 1372 salutem,
1004 1336 1129 1377 quam
1162 1322 1288 1363 vitam
1319 1322 1529 1364 Ecclesiae.

140 1391 247 1431 Haec
278 1389 385 1430 enim
417 1405 502 1430 esse
534 1389 690 1431 Christi
720 1389 844 1431 unius
873 1389 1102 1446 privilegia,
1132 1400 1172 1431 et
1202 1390 1381 1441 nomina,
1403 1399 1444 1431 et
1473 1390 1531 1430 illi

142 1459 211 1499 uni
241 1459 406 1515 proprie
438 1469 565 1514 atque
599 1459 718 1500 unice
749 1459 991 1507 convenire,
1030 1475 1165 1515 neque
1199 1475 1374 1516 usquam
1405 1475 1534 1516 quen-

139 1543 266 1583 quam
302 1528 541 1568 Romanum
579 1527 835 1583 Episcopum
871 1536 965 1568 anto
1002 1528 1185 1568 Phocam
1217 1530 1530 1584 Imperatorem,

140 1610 263 1651 quem
287 1595 436 1636 scimus
459 1594 693 1648 (interfecto
716 1596 973 1651 Imperatore
1002 1595 1210 1636 Mauricio
1240 1595 1407 1636 domino
1438 1598 1527 1650 suo)

140 1678 214 1719 per
234 1663 437 1704 nefarium
463 1662 593 1704 scelus
621 1663 675 1703 ad
708 1663 939 1718 Imperium
970 1663 1212 1720 adspirasse,
1233 1664 1311 1704 hoc
1341 1673 1415 1714 est,
1437 1674 1532 1705 ante

142 1732 480 1772 sexcentesimum
503 1730 709 1772 decimum
731 1730 900 1772 tertium
921 1746 1075 1771 annum
1097 1747 1122 1772 a
1139 1731 1306 1772 Christo
1327 1741 1438 1782 nato,
1457 1748 1532 1773 un-

141 1815 267 1856 quam
306 1815 473 1856 passum
514 1799 640 1840 fuisse
681 1815 765 1840 sese
805 1808 889 1840 tam
931 1799 1110 1856 superbo
1150 1799 1314 1840 nomine
1350 1799 1529 1841 salutari.

143 1868 375 1909 Concilium
416 1868 539 1909 etiam
581 1867 906 1924 Carthaginense
947 1868 1097 1908 diserte
1137 1868 1302 1918 cavisse,
1344 1884 1395 1909 ne
1440 1869 1532 1924 quis
1545 1878 1620 1915 Cap.
1637 1884 1689 1917 47.

143 1935 378 1991 Episcopus
397 1944 471 1976 aut
492 1950 678 1976 summus
700 1935 910 1986 Pontifex,
932 1943 1004 1976 aut
1025 1935 1184 1991 primus
1211 1935 1397 1976 sacerdos
1427 1936 1534 1977 dice-

141 2013 281 2044 retur:
314 2003 572 2059 Episcopum
595 2018 693 2044 vero
714 2004 968 2053 Romanum,
991 2003 1188 2058 quoniam
1216 2003 1274 2044 ita
1300 2004 1423 2045 hodie
1453 2005 1532 2046 dici

144 2071 247 2122 vult,
270 2080 310 2112 et
330 2071 503 2112 alienam
523 2080 768 2128 potestatem
791 2071 866 2112 sibi
889 2071 1092 2122 vendicat,
1114 2080 1393 2127 praeterquam
1419 2071 1533 2126 quod

143 2148 284 2195 'aperte
318 2139 416 2180 facit
449 2148 593 2180 contra
626 2148 767 2180 vetera
803 2139 1001 2189 Concilia,
1038 2148 1265 2195 contraque
1306 2140 1464 2190 Patres,
1500 2138 1532 2179 si
1546 2148 1749 2196 Greg.1ib.4.

146 2206 351 2262 Gregorio
382 2223 456 2248 suo
475 2208 572 2248 velit
603 2207 783 2257 credere,
806 2222 955 2248 nomen
986 2222 1195 2263 arrogans,
1217 2206 1451 2262 profanum,
1473 2221 1533 2246 sa-
1543 2191 1711 2270 ξξῖζξὸῗῦ·

144 2273 358 2330 crilegum,
382 2275 773 2325 Antichristianum,
798 2275 873 2315 sibi
894 2275 1128 2331 imponere;
1162 2290 1247 2315 esse
1275 2275 1435 2327 Regem
1467 2289 1533 2314 su-
1545 2277 1660 2326 Etiib.
1678 2284 1706 2317 7-

144 2342 313 2396 perbiae,
345 2358 431 2383 esse
468 2343 727 2393 Luciferum,
760 2342 833 2399 qui
868 2358 909 2383 se
944 2343 1141 2383 fratribus
1172 2341 1254 2382 suis
1285 2320 1713 2397 anteponat3Ep¹St'⁶9'

145 2409 339 2464 abjecisse
360 2410 508 2458 fidem3
543 2427 628 2452 esse
647 2426 944 2467 praecursorem
965 2410 1227 2451 Antichristi.

206 2476 449 2518 Ministrum
470 2477 652 2534 legitime
674 2478 810 2519 vocari
830 2487 1034 2534 oportere,
1055 2487 1096 2517 et
1116 2488 1225 2518 recte
1247 2486 1372 2533 atque
1391 2477 1534 2518 ordine

147 2544 299 2600 praefici
321 2544 516 2585 Ecclesiae
536 2545 645 2593 Dei3
680 2545 884 2586 neminem
912 2554 1050 2586 autem
1081 2545 1134 2586 ad
1165 2560 1324 2586 sacrum
1356 2544 1535 2585 ministe-

149 2612 255 2653 rium
277 2628 353 2669 pro
374 2629 449 2654 suo
468 2612 651 2663 arbitrio,
675 2622 715 2654 et
741 2612 910 2654 libidine
936 2628 1056 2668 posse
1086 2628 1127 2653 se
1156 2613 1380 2654 intrudere.
1442 2614 1535 2663 Quo

149 2681 280 2736 major
300 2680 417 2722 nobis
437 2681 490 2721 ab
519 2680 605 2721 istis
636 2681 683 2721 fit
710 2680 877 2736 injuria,
900 2680 1053 2736 quibus
1083 2680 1184 2721 nihil
1215 2681 1365 2737 saepius
1394 2680 1435 2720 in
1465 2695 1534 2720 ore

150 2756 224 2799 est,
246 2763 370 2804 quam
392 2747 506 2805 apud
527 2763 601 2789 nos
620 2747 722 2788 nihil
742 2747 900 2798 ordine,
921 2747 1023 2788 nihil
1050 2747 1254 2800 decenter,
1275 2747 1411 2789 omnia
1441 2761 1534 2787 con-
