1799 3077
251 150 335 190 288
578 149 810 190 NOELLI
842 149 1312 190 CATECHISMUS.

253 262 371 318 Lege
392 272 519 318 atque
545 262 781 304 obedientia
807 262 1027 319 quaestioni
1048 262 1302 304 satisfactum
1324 261 1390 312 sit,
1411 261 1643 303 charissime

253 329 351 381 Fili,
365 330 454 387 jam
481 330 533 372 de
560 330 805 387 Evangelio,
823 331 939 386 quod
966 331 1047 372 Dei
1076 330 1364 387 promissiones
1388 329 1583 379 continet,
1605 341 1646 371 et

246 397 355 455 juris
383 398 510 439 divini
536 397 805 439 violatoribus
832 398 914 439 Dei
934 398 1191 439 clementiam
1219 413 1292 454 per
1315 396 1529 437 Christum
1559 396 1647 452 pol-

252 466 414 516 licetur,
437 466 634 522 quodque
662 466 788 507 Fides
818 466 997 507 maxime
1026 466 1204 522 respicit,
1237 475 1284 507 ut
1314 465 1512 514 dicamus,
1543 463 1646 504 ordo

253 533 460 589 postulat3
495 534 572 574 hoc
593 534 701 574 enim
723 534 764 574 in
785 543 926 575 nostra
944 533 1164 589 partitione
1193 533 1420 574 secundum
1448 530 1553 577 fuit;
1587 537 1647 571 at-

255 617 337 657 que
357 602 440 643 huc
460 602 597 652 etiam,
619 602 709 658 ipsa
728 617 882 653 rerum,
902 603 952 642 de
972 601 1125 657 quibus
1140 602 1228 658 jam
1245 601 1417 657 egimus,
1435 599 1556 641 series
1574 614 1647 638 nos

256 668 375 724 quasi
395 684 521 709 manu
542 668 755 724 perduxit.
815 669 1032 725 Evangelii
1054 684 1167 725 ergo,
1191 668 1395 724 simulque
1426 666 1546 709 Fidei
1577 681 1649 706 no-

258 746 352 778 strae
374 751 534 778 summa
554 752 746 793 quaenam
767 739 856 778 est?

314 806 370 845 A.
403 806 470 845 Ea
489 804 683 846 nimirum
704 806 807 861 ipsa,
829 821 914 861 qua
934 804 1051 846 Fidei
1075 805 1320 847 Christianae
1347 804 1558 861 praecipua
1584 818 1649 844 ca-

258 872 359 929 pita,
391 872 570 914 breviter
603 872 701 913 olim
735 873 962 929 perstricta,
994 873 1281 920 continentum
1314 888 1493 929 quaeque
1524 871 1650 927 vulgo

265 940 511 997 Symbolum
533 941 836 998 Apostolorum
857 941 1101 998 appellatur.

322 1009 388 1049 M.
420 1008 540 1049 Fidei
561 1009 853 1065 compendium
874 1025 948 1050 cur
971 1009 1215 1066 Symbolum
1236 1008 1502 1049 nominatur?

325 1078 379 1117 A.
414 1077 672 1133 Symbolum,
695 1077 727 1118 si
754 1077 1046 1134 interpreteris,
1069 1086 1130 1118 est
1157 1078 1336 1133 signum,
1354 1084 1465 1126 nota,
1487 1084 1650 1124 tessera,

264 1154 337 1186 aut
357 1144 569 1196 indicium,
591 1161 676 1201 quo
701 1145 997 1187 commilitones
1025 1146 1077 1186 ab
1107 1145 1294 1186 hostibus
1324 1144 1624 1201 dignoscuntur
1638 1160 1649 1190 ς

265 1214 377 1255 unde
403 1214 695 1270 compendium
723 1214 858 1265 Fidei,
880 1231 965 1270 quo
987 1214 1210 1256 Christiani
1240 1230 1265 1255 a
1295 1229 1377 1255 non
1409 1212 1653 1254 Christianis

266 1281 595 1337 distinguuntur,
621 1282 806 1339 Symboli
827 1298 974 1323 nomen
999 1282 1073 1323 sibi
1095 1290 1204 1323 recte
1224 1281 1377 1323 ascivit.

328 1350 392 1390 M.
428 1350 509 1390 Sed
530 1365 614 1405 qua
633 1350 684 1391 de
704 1365 828 1391 causa
848 1349 1147 1406 Apostolorum
1171 1349 1413 1406 Symbolum
1436 1348 1616 1389 dicitur?

327 1419 385 1460 A.
417 1418 541 1468 Quod
562 1418 626 1459 vel
646 1419 699 1460 ab
719 1434 788 1459 ore
809 1419 1107 1475 Apostolorum
1137 1428 1369 1475 exceptum,
1394 1417 1457 1458 vel
1488 1433 1539 1458 ex
1568 1417 1656 1458 illo-

270 1501 363 1527 rum
385 1486 545 1542 scriptis
565 1502 726 1527 summa
745 1487 827 1527 fide
847 1486 1078 1537 collectum,
1099 1487 1152 1527 ab
1172 1486 1289 1527 initio
1309 1502 1440 1542 usque
1461 1486 1655 1527 Ecclesiae

270 1565 496 1611 receptum,
518 1564 721 1611 perpetuo
740 1554 846 1596 inter
873 1570 1015 1596 omnes
1043 1555 1133 1611 pios
1162 1555 1343 1604 firmum,
1365 1563 1502 1595 ratum
1532 1564 1658 1609 atque

271 1624 504 1674 immotum,
523 1633 571 1665 ut
590 1632 702 1665 certa
721 1632 845 1680 atque
862 1624 1086 1665 constituta
1102 1623 1347 1665 Christianae
1364 1623 1484 1664 Fidei
1499 1622 1657 1679 regula,

274 1692 556 1748 permanserit.

333 1762 396 1801 M.
428 1761 525 1816 Age
545 1775 670 1811 nunc,
697 1759 941 1816 Symbolum
962 1760 1098 1816 ipsum
1120 1760 1219 1801 mihi
1240 1759 1383 1801 recites
1403 1759 1537 1800 velim.

332 1831 391 1870 A.
423 1828 528 1870 Fiet.
587 1828 768 1869 CREDO
806 1842 860 1869 IN
897 1842 1043 1869 DEUM
1082 1842 1290 1869 PATREM
1328 1841 1660 1869 OMNIPOTEN-

278 1911 405 1948 TEM,
440 1910 756 1938 CREATOREM
795 1910 924 1938 COELI
960 1910 1022 1937 ΕΤ
1057 1911 1258 1947 TERRAE,
1292 1910 1354 1937 ΕΤ
1394 1910 1449 1936 ΙΝ
1486 1896 1655 1936 JESUM

279 1964 581 2015 CHRISTUM‚
616 1978 805 2006 FILIUM
847 1978 968 2005 EJUS
1006 1978 1212 2005 UNICUM
1251 1977 1509 2005 DOMINUM
1547 1976 1663 2003 Nos-

282 2046 448 2082 TRUM,
489 2046 581 2073 QUI
622 2027 921 2074 CONcEPTUS
961 2046 1051 2073 EST
1093 2046 1157 2073 DE
1200 2045 1406 2072 SPIRITU
1448 2043 1662 2080 SANCTO‚

283 2113 441 2142 NATUS
487 2115 551 2141 Ex
599 2113 767 2141 MARIA
808 2113 1057 2149 VIRGINE3
1103 2113 1283 2141 PASSUS
1330 2113 1422 2140 SUB
1469 2111 1661 2140 PONTIO

283 2182 488 2220 PILATo,
513 2183 846 2219 CRUCIFIXUS,
873 2181 1139 2217 MORTUUS,
1165 2181 1226 2208 ET
1253 2180 1510 2208 SEPULTUS
1544 2179 1634 2206 EST
1651 2181 1663 2211 ς

286 2251 582 2278 DESCENDIT
617 2251 683 2278 AD
720 2251 959 2288 INFEROS,
984 2249 1173 2278 TERTIA
1212 2249 1300 2276 DIE
1337 2247 1663 2276 RESURREXIT

286 2320 314 2346 A
342 2319 604 2353 MORTUIS3
640 2319 899 2346 ASCENDIT
926 2317 991 2345 AD
1023 2318 1228 2353 COELUM,
1255 2317 1416 2344 SEDET
1450 2315 1516 2343 AD
1552 2316 1667 2343 DEX—

289 2387 469 2414 TERAM
505 2388 594 2414 DEI
631 2386 811 2415 PATRIS
848 2386 1264 2422 OMNIPOTENTIS,
1297 2385 1438 2412 UNDE
1473 2383 1669 2411 VENTU—

291 2455 384 2482 RUS
437 2455 526 2482 EST
578 2454 643 2482 AD
694 2453 1043 2482 JUDICANDUM
1092 2454 1249 2481 vlvos
1295 2453 1357 2480 ET
1404 2452 1669 2480 MORTUOS.

289 2509 467 2550 CREDo
510 2523 565 2550 IN
606 2523 862 2551 SPIRITUM
905 2522 1166 2559 SANCTUM,
1200 2509 1445 2549 SANCTAM
1487 2509 1669 2548 ECCLE-

293 2589 414 2616 SIAM
464 2575 834 2628 CATHOLICAM,
885 2590 1194 2618 SANCTORUM
1246 2588 1668 2623 COMMUNIONEM,

293 2656 659 2685 REMISSIONEM
707 2658 1060 2694 PECCATORUM,
1096 2657 1281 2685 CARNIS
1330 2654 1671 2684 RESURRECTI-

296 2724 460 2760 ONEM,
482 2724 542 2750 ET
569 2725 735 2752 VITAM
762 2725 1044 2752 AETERNAM.

351 2778 414 2816 M.
450 2777 637 2818 Breviter
656 2778 733 2819 ista
753 2788 849 2825 ate,
873 2789 910 2819 et
934 2780 1100 2820 strictim
1124 2779 1331 2834 proposita
1357 2788 1466 2830 sunt,
1488 2778 1543 2818 nii
1576 2778 1670 2826 Fili,
