1799 3077
311 128 395 168 220
639 128 874 170 NOELLI
909 129 1366 172 CATECHISMUS.

306 240 405 296 quia
424 240 481 297 pii
508 240 732 298 aliquando
759 250 949 298 parentes
968 242 1155 285 kliberos
1184 243 1440 300 progignunt
1471 244 1631 301 impios,
1653 255 1694 287 et

305 323 331 349 a
356 318 575 365 parentum
595 309 749 351 virtute
779 309 1016 366 degeneres,
1038 310 1080 352 in
1110 327 1216 367 quos
1245 312 1363 353 Deus
1392 327 1473 353 non
1504 312 1693 355 obstante

304 375 382 417 hac
400 376 681 432 promissione,
703 376 885 433 graviter
905 377 1211 419 animadvertit.

361 445 417 485 A.
442 446 537 485 Hoc
558 444 726 500 quidem
747 445 887 500 negari
908 460 990 486 non
1011 455 1156 501 potest.
1217 447 1327 488 Nam
1350 447 1468 488 Deus
1488 455 1536 488 ut
1555 448 1694 505 propi-

303 512 408 553 tium
434 528 475 553 se
499 513 613 566 (cum
633 511 767 552 visum
798 512 943 567 fuerit)
965 511 1211 569 limpiorum
1242 513 1378 554 liberis
1407 514 1601 562 exhibet;
1634 516 1693 558 ita

301 579 416 621 nulla
434 578 673 635 hujusmodi
690 578 925 620 necessitate
944 579 1108 636 piorum
1124 580 1261 621 liberis
1279 580 1494 622 devinctus
1510 592 1689 635 tenetur,

302 657 336 677 m
351 648 451 704 quin
473 648 550 704 ipsi
577 647 754 688 liberum
783 647 848 698 sit,
869 663 920 689 ex
950 648 1029 689 illis
1059 664 1164 705 quos
1183 648 1296 699 velit,
1316 649 1550 706 repudiare.
1611 651 1691 692 Ve-

301 731 393 757 rum
415 716 457 756 in
477 732 526 756 eo
552 715 792 771 hujusmodi
820 715 1144 757 moderationem
1173 716 1358 767 adhibet,
1381 726 1429 758 ut
1457 726 1569 758 certa
1596 733 1690 774 pro-

300 783 480 825 missioni
502 799 586 824 suae
607 783 709 824 fides
731 799 892 840 semper
912 792 1082 825 constet.

357 853 424 892 M.
458 853 598 902 Quum
620 860 714 892 ante
734 851 777 892 in
797 851 978 893 vindicta
997 861 1093 903 tres,
1115 862 1188 893 aut
1208 861 1389 908 quatuor
1409 853 1463 894 ad
1478 868 1687 894 summum

299 919 516 975 progenies
535 920 732 971 nominet,
754 936 829 961 cur
848 920 915 962 hic
940 921 982 961 in
1008 920 1286 962 misericordia
1315 920 1424 962 mille
1455 921 1688 978 complecti-

301 996 370 1028 tur
386 990 403 1027 ?

356 1057 414 1096 A.
452 1056 516 1097 Ut
550 1056 740 1097 ostendat
774 1056 827 1098 ad
861 1056 1218 1099 mansuetudinem
1250 1066 1272 1085 ¹¹
1286 1066 1327 1098 et
1360 1057 1684 1108 beneficentiam,

297 1138 423 1179 quam
445 1123 498 1164 ad
520 1123 790 1174 severitatem,
812 1140 853 1165 se
880 1124 1013 1165 multo
1042 1140 1128 1166 esse
1157 1124 1467 1181 procliviorem;
1511 1124 1616 1165 sicut
1645 1135 1686 1166 et

296 1191 384 1248 ipse
402 1191 499 1232 alibi
520 1193 752 1248 profitetur,
772 1208 812 1234 se
828 1192 882 1234 ad
902 1192 1004 1234 iram
1020 1193 1186 1234 tardum
1203 1209 1302 1243 esse,
1320 1192 1373 1233 ad
1388 1193 1685 1249 ignoscendum

297 1275 395 1300 vero
414 1260 793 1316 propensissimum.

354 1328 417 1368 M.
449 1329 519 1368 Ex
540 1327 604 1368 his
626 1344 721 1385 quae
742 1328 1067 1370 commemorasti
1087 1327 1292 1377 omnibus,
1316 1328 1466 1369 videris
1491 1328 1592 1369 mihi
1623 1328 1683 1369 in-

294 1395 491 1451 telligere,
514 1397 669 1448 Deum,
689 1411 741 1437 ne
761 1396 890 1453 ipsius
916 1397 1067 1448 cultus,
1091 1396 1163 1453 qui
1194 1396 1416 1453 spiritualis
1446 1406 1486 1438 et
1515 1397 1683 1453 purissi-

293 1479 387 1504 mus
408 1479 493 1504 esse
513 1463 674 1515 debeat,
697 1479 831 1506 crassa
850 1464 935 1505 ulla
954 1464 1184 1505 idololatria
1204 1473 1277 1505 aut
1294 1465 1580 1521 superstitione
1596 1464 1683 1520 pol-

292 1531 490 1581 lueretur,
512 1547 703 1588 magnam
725 1532 959 1574 adhibuisse
980 1532 1241 1574 cautionem?

350 1602 409 1642 A.
441 1599 671 1640 Maximam
694 1601 892 1656 profecto.
943 1602 1050 1641 Nam
1074 1615 1157 1641 non
1177 1608 1317 1656 aperte
1338 1606 1357 1626 ⁰
1373 1598 1505 1640 solum
1527 1608 1568 1640 et
1588 1615 1682 1655 pro-

291 1667 373 1708 lixe
407 1667 656 1708 enumeratis
692 1668 885 1709 omnibus
917 1668 1260 1710 simulachrorum
1290 1667 1446 1718 formis,
1476 1667 1517 1708 in
1548 1667 1682 1723 prima

289 1737 375 1778 fere
398 1737 499 1793 legis
526 1752 611 1777 suae
638 1746 770 1792 parte,
792 1747 840 1777 ut
869 1753 955 1778 rem
985 1737 1039 1778 ad
1070 1752 1185 1777 suam
1218 1736 1471 1792 majestatem
1502 1736 1679 1777 maxime

291 1813 541 1860 spectantem
561 1803 715 1851 edixit3
749 1804 820 1845 sed
850 1813 890 1845 et
919 1804 1135 1845 horrendis
1155 1813 1174 1842 P
1188 1803 1308 1844 minis
1328 1803 1528 1854 violatori,
1551 1804 1679 1845 maxi-

289 1872 366 1912 mis
386 1887 551 1913 rursum
572 1871 824 1913 observatori
844 1871 1064 1928 propositis
1084 1871 1263 1928 praemiis
1289 1871 1395 1912 hanc
1424 1871 1557 1927 legem
1588 1887 1679 1912 san-

288 1939 397 1981 civit.
457 1941 521 1981 Ita
538 1949 599 1990 ut,
621 1949 694 1981 aut
714 1956 797 1981 non
817 1940 1068 1981 intellectum
1091 1940 1216 1981 fuisse
1242 1939 1320 1980 hoc
1349 1939 1606 1989 mandatum,
1629 1949 1677 1982 ut

288 2008 525 2059 obscurum,
547 2017 621 2050 aut
641 2024 722 2049 non
749 2008 1095 2058 animadversum,
1118 2017 1166 2049 ut
1194 2008 1237 2048 in
1268 2008 1391 2048 turba
1420 2007 1674 2059 delitescens,

288 2085 361 2117 aut
381 2091 463 2117 non
484 2085 689 2127 curatum,
712 2086 760 2117 ut
780 2076 868 2117 leve
889 2086 930 2117 et
951 2076 1164 2116 minimum
1185 2092 1195 2123 ;
1231 2076 1301 2117 sed
1334 2085 1381 2116 ut
1411 2075 1571 2116 nullum
1603 2091 1677 2132 po-

287 2143 369 2184 tius
388 2144 645 2195 mandatum,
667 2145 791 2185 nullis
811 2144 946 2195 minis,
963 2143 1086 2184 nullis
1101 2143 1440 2199 promissionibus
1455 2143 1521 2199 adj
1529 2142 1676 2194 unctis,

286 2211 518 2267 neglectum
548 2228 717 2269 prorsus
746 2213 799 2254 ab
828 2212 1021 2253 omnibus
1044 2212 1236 2268 jacuisse,
1256 2211 1479 2268 plusquam
1509 2220 1676 2268 stupen-

286 2279 388 2320 dum
409 2280 539 2321 videri
561 2281 700 2337 possit.

344 2349 411 2389 M.
445 2348 511 2389 Sic
532 2358 593 2390 est
612 2349 797 2405 profecto
819 2358 865 2389 ut
885 2347 1009 2395 dicis;
1043 2362 1187 2388 verum
1203 2347 1329 2389 recita
1349 2347 1449 2388 mihi
1464 2347 1552 2403 jam
1569 2361 1674 2403 prae-

283 2426 451 2471 ceptum
473 2416 654 2457 tertium.

326 2501 342 2522 k
357 2512 373 2533 2
391 2503 470 2543 Reg.
484 2503 530 2533 iii.
549 2512 576 2533 z.
599 2511 621 2541 4
638 2504 717 2543 Reg.
734 2503 826 2534 xxiii.
844 2513 900 2543 30,
916 2512 969 2542 32.
994 2503 1109 2533 Ezech.
1125 2503 1214 2534 xviii.
1232 2513 1262 2541 z,
1280 2513 1313 2544 9,
1334 2502 1382 2533 16.
1535 2501 1576 2542 ¹3
1595 2503 1674 2543 Reg.

283 2554 327 2585 xi.
344 2564 393 2592 12,
415 2565 463 2594 13.
479 2561 511 2587 et
525 2566 576 2587 xv.
592 2565 623 2594 4.
646 2565 668 2595 4
683 2557 762 2597 Reg.
779 2557 846 2587 viii.
870 2565 916 2597 ¹9·
934 2561 966 2587 et
981 2556 1050 2586 xxi.
1069 2565 1121 2593 22,
1141 2565 1190 2594 24.
1322 2562 1344 2576 ¹¹¹
1361 2556 1464 2587 Exod.
1482 2555 1600 2586 xxxiii.
1621 2565 1670 2595 19.

283 2608 351 2636 Jos.
369 2607 458 2636 xxiii.
479 2617 528 2645 14.
553 2609 647 2639 Rom.
666 2609 712 2639 iii.
729 2618 760 2647 3.
776 2614 809 2639 et
824 2609 868 2639 ix.
889 2617 936 2646 14.
983 2618 999 2639 2
1016 2609 1083 2639 Pet.
1099 2609 1142 2639 iii.
1159 2619 1189 2650 9.
1363 2615 1379 2630 ¹¹
1394 2609 1498 2640 Exod.
1512 2608 1623 2639 xxxiv.
1639 2607 1672 2639 6.

283 2661 366 2690 l‘sal.
382 2670 459 2690 xxx.
477 2668 507 2700 5.
524 2666 556 2691 et
569 2662 634 2691 ciii.
652 2662 684 2693 8.
700 2667 732 2693 et
748 2663 829 2692 cxlv.
844 2662 875 2692 8.
898 2662 986 2692 Esai.
1005 2663 1058 2693 liv.
1074 2670 1104 2703 7,
1121 2663 1154 2701 8,
1178 2673 1224 2694 ιο.
1419 2669 1434 2683 ⁰
1450 2662 1553 2693 Exod.
1569 2671 1623 2692 xx.
1639 2670 1671 2700 4.

285 2715 380 2745 Dent.
398 2714 439 2743 iv.
461 2713 509 2743 16.
526 2719 598 2744 etv.
614 2715 646 2745 8.
754 2721 769 2740 Ρ
787 2715 889 2746 Exod.
902 2725 955 2745 xx.
974 2724 1006 2755 5,
1024 2716 1053 2746 6.
1080 2717 1156 2747 Lev.
1173 2716 1258 2747 xxvi.
1274 2724 1327 2755 30.
1352 2716 1449 2746 Dent.
1463 2716 1505 2745 iv.
1524 2714 1574 2745 26.
1591 2725 1620 2745 v.
1635 2725 1668 2755 9,

290 2777 337 2798 10.
354 2766 453 2798 xxvii.
475 2775 522 2805 ¹5·
548 2767 631 2797 Psal.
648 2767 742 2798 xcvii.
764 2774 791 2806 7.
816 2768 930 2799 Ezech.
946 2769 986 2799 vi.
1001 2778 1032 2806 4.
