1799 3077
292 144 346 182 48
733 140 1235 181 PROTESTATIO

293 252 618 300 commoditatis;
661 252 733 294 sed
768 267 883 294 amor
912 252 1118 294 duntaxat
1149 253 1331 294 veritatis
1360 251 1550 294 revelatae
1580 253 1680 294 mihi

293 338 367 381 per
387 322 468 364 Dei
491 321 667 378 gratiam
690 320 772 374 (uti
801 321 903 362 mihi
932 336 1175 378 persuasum
1205 321 1358 377 habeo)
1381 321 1422 361 in
1444 321 1570 362 verbo
1600 322 1682 362 Dei

295 401 337 433 et
355 391 397 431 in
418 389 684 445 antiquorum
704 398 873 445 patrum
893 389 1221 431 orthodoxorum
1240 389 1424 430 lectione.

353 460 461 500 Haec
494 473 572 514 ego
606 472 717 498 nunc
746 466 966 513 propterea
994 457 1125 513 magis
1155 472 1455 505 commemoro3
1487 456 1683 513 quoniam

296 527 390 584 quis
422 525 510 577 scit,
545 525 578 566 si
613 524 728 581 quod
767 525 868 565 mihi
908 524 1006 566 olim
1044 524 1230 581 contigit,
1267 525 1388 566 alicui
1419 534 1602 566 vestrum
1641 524 1685 565 in

296 604 508 652 posterum
529 593 765 649 contingere
785 592 967 649 poterit?
997 593 1075 634 hoc
1096 602 1170 643 est,
1192 602 1241 633 ut
1260 592 1397 648 siquid
1417 593 1534 634 aliter
1560 602 1686 649 atque

300 680 378 720 ego
408 678 519 704 nunc
548 661 601 703 de
629 661 754 702 rebus
786 660 1006 717 propositis
1039 659 1209 711 sentitis,
1242 669 1283 701 et
1314 659 1392 701 hoc
1421 660 1538 701 vobis
1571 662 1688 701 Deus

300 731 524 788 aliquando
554 729 606 770 sit
635 729 904 770 revelaturus.
967 729 1049 770 Sed
1079 738 1293 785 utcunque
1322 728 1462 779 fuerit,
1483 728 1597 784 quod
1617 743 1690 768 vos

301 815 442 843 omnes
471 813 581 840 nunc
611 812 678 838 me
707 797 840 838 facere
863 796 967 838 velle
997 796 1157 853 opinor,
1186 796 1264 837 hoc
1294 812 1372 853 ego
1401 796 1482 838 iam
1511 796 1691 837 breviter

303 882 396 908 sum
421 867 622 916 facturus,
643 865 721 906 hoc
752 874 826 916 est,
850 865 1091 906 sententiam
1121 864 1246 906 animi
1276 865 1355 905 mei
1386 879 1512 920 quam
1542 863 1692 920 planis-

304 934 404 975 sime
439 942 584 990 potero
620 932 845 989 explicabo.
909 934 963 973 In
992 948 1077 988 qua
1106 941 1244 973 tamen
1274 931 1474 973 sententia
1503 931 1690 981 dicenda,

304 1003 347 1045 id
368 1002 485 1044 vobis
504 1010 700 1043 testatum
719 1016 805 1042 esse
825 1000 963 1052 velim,
984 1015 1050 1041 me
1068 1016 1121 1041 ex
1148 1000 1285 1041 animo
1313 999 1415 1041 nihil
1445 1015 1530 1040 esse
1560 999 1693 1040 dictu-

305 1086 400 1112 rum
420 1070 592 1112 scienter
612 1079 653 1110 et
673 1068 916 1125 prudenter,
937 1068 1052 1124 quod
1073 1068 1158 1110 ulla
1177 1068 1220 1108 in
1240 1083 1285 1109 re
1305 1067 1548 1108 crediderim
1563 1071 1694 1123 *posse

307 1140 373 1181 vel
403 1138 611 1181 tantillum
640 1152 874 1193 repugnare
903 1146 976 1177 aut
1007 1136 1221 1177 dissentire
1251 1152 1275 1177 a
1296 1136 1422 1177 verbo
1452 1135 1547 1186 Dei,
1569 1145 1643 1176 aut
1671 1151 1696 1176 a

309 1207 462 1264 regulis
500 1206 611 1257 fidei,
652 1214 694 1246 et
732 1205 981 1247 Christianae
1018 1204 1240 1261 religionis,
1281 1220 1385 1260 quas
1424 1204 1528 1245 illud
1567 1218 1697 1244 sacro-

310 1285 497 1318 sanctum
528 1274 610 1316 Dei
630 1273 804 1314 verbum
837 1272 1034 1314 Ecclesiae
1060 1273 1215 1314 Christi
1244 1272 1486 1329 praescribit.
1536 1271 1699 1322 Quibus

310 1359 376 1385 me
395 1357 569 1398 meaque
595 1339 733 1382 omnia
753 1340 847 1382 volo
877 1355 987 1382 nunc
1017 1350 1058 1382 et
1087 1340 1397 1397 imperpetuum
1426 1355 1512 1381 esse
1541 1348 1583 1380 et
1611 1339 1700 1380 fore

312 1411 503 1455 obnoxia.

372 1481 432 1521 Et
462 1477 658 1534 quoniam
689 1475 828 1532 gravis
858 1490 982 1517 causa
1010 1485 1072 1517 est
1102 1491 1227 1532 quam
1258 1475 1433 1532 agimus,
1459 1484 1500 1516 et
1529 1475 1583 1516 ad
1612 1490 1702 1515 eam

314 1546 590 1606 peragendam
624 1560 750 1601 quam
782 1544 909 1586 simus
937 1559 1050 1585 nunc
1083 1544 1325 1601 inexpediti,
1356 1543 1552 1600 temporis
1588 1543 1705 1584 nimi-

315 1632 410 1659 rum
443 1614 636 1672 angustia
670 1622 710 1654 et
740 1612 941 1654 librorum
971 1612 1110 1669 inopia
1139 1611 1338 1669 oppressi,
1369 1612 1485 1653 vobis
1514 1612 1705 1652 omnibus

317 1686 506 1742 ignotum
527 1698 613 1724 esse
632 1697 713 1723 non
736 1690 896 1737 potest3
929 1690 1149 1737 propterea
1168 1689 1372 1737 protestor
1392 1695 1458 1721 me
1484 1679 1563 1721 hoc
1593 1694 1618 1720 a
1636 1694 1707 1720 vo-

321 1754 382 1795 bis
401 1752 601 1794 hodierno
621 1750 688 1791 die
707 1749 873 1806 publice
898 1749 1219 1805 postulaturum,
1241 1748 1436 1790 nimirum
1467 1757 1515 1789 ut
1543 1747 1586 1788 in
1616 1762 1708 1803 pos-

320 1831 455 1863 terum
490 1819 591 1861 mihi
622 1818 742 1859 liceat
773 1816 964 1858 omnibus
993 1817 1093 1858 meis
1122 1817 1330 1858 hodiernis
1359 1815 1706 1872 responsionibus,

322 1888 664 1945 explicationibus
712 1895 753 1928 et
801 1885 1194 1937 confirmationibus,
1243 1885 1395 1926 addere
1433 1883 1498 1924 vel
1546 1883 1710 1924 demere

324 1956 525 2013 quicquid
555 1955 728 2012 posthac
760 1954 918 1995 saniore
947 1954 1114 2005 iudicio,
1145 1953 1368 1995 maturiore
1397 1951 1709 2001 consultatione,

326 2034 399 2067 aut
418 2023 622 2066 exactiore
647 2022 904 2079 singularum
930 2037 1069 2063 rerum
1099 2021 1347 2078 expensione
1376 2020 1507 2076 magis
1535 2034 1713 2061 commo-

328 2094 430 2135 dum
450 2091 664 2147 magisque
683 2099 967 2147 opportunum
988 2105 1074 2131 esse
1090 2089 1313 2131 videbitur.
1356 2090 1462 2130 Haec
1477 2088 1564 2144 jam
1581 2101 1714 2143 pauca

328 2161 527 2219 praefatus
547 2175 593 2201 ac
613 2168 877 2216 protestatUS,
898 2159 1105 2200 conferam
1127 2173 1192 2199 me
1211 2158 1264 2199 ad
1292 2156 1594 2214 propositarum
1621 2170 1715 2210 pro-

331 2229 581 2287 positionum
601 2227 897 2283 responsiones,
919 2235 960 2268 et
988 2226 1300 2283 responsionum
1326 2239 1512 2266 mearum
1541 2222 1717 2278 explica-

334 2298 465 2339 tiones
484 2305 525 2337 et
538 2294 867 2337 confirmationes
885 2294 1155 2335 brevissimas.

518 2428 663 2455 PRIMA
695 2426 953 2453 PROPOSITIO
984 2426 1015 2452 A
1046 2425 1245 2452 PAPISTIS
1278 2423 1533 2450 PROPOSITA.

398 2499 450 2538 In
471 2506 723 2539 sacramento
743 2495 881 2537 altaris
893 2495 1046 2536 virtute
1061 2495 1176 2535 verbi
1196 2493 1339 2535 Divini
1360 2508 1385 2533 a
1405 2491 1612 2533 sacerdote
1628 2505 1720 2545 pro-

340 2565 426 2613 lati,
448 2581 611 2621 presens
641 2574 701 2606 est
730 2563 892 2605 realiter
920 2563 997 2604 sub
1028 2562 1240 2618 speciebus
1269 2561 1386 2616 panis
1415 2569 1456 2600 et
1475 2558 1573 2607 vini,
1596 2567 1718 2597 natu-

341 2632 424 2672 rale
456 2635 619 2688 Corpus
650 2631 819 2681 Christi,
852 2640 1094 2687 conceptum
1126 2630 1178 2671 de
1205 2629 1372 2685 Virgine
1403 2626 1719 2668 Maria—Item

344 2700 541 2741 naturalis
561 2700 744 2755 ejusdem
768 2698 943 2753 sanguis.
