1799 3077
269 139 353 179 244
594 137 829 179 NOELLI
864 137 1329 178 CATECHISMUS.

269 251 402 292 solum
423 250 589 301 coelum,
612 260 653 291 et
674 250 913 291 universum
934 250 1045 291 hunc
1065 250 1269 290 mundum
1292 249 1595 306 aspectabilem,
1616 258 1658 291 et

267 336 331 361 res
351 319 393 360 in
414 319 504 375 ejus
524 334 666 360 omnes
687 333 950 374 quaecunque
976 318 1253 369 continentur,
1274 327 1294 356 g
1307 318 1378 359 sed
1408 328 1448 359 et
1481 318 1659 374 Spiritus

268 387 391 429 etiam
421 387 696 442 incorporeos,
728 401 833 441 quos
863 385 1051 442 Angelos
1080 385 1351 442 appellamus,
1379 386 1487 442 hper
1516 394 1660 442 poten-

269 455 367 497 tiam
388 454 503 496 verbi
533 454 610 505 sui,
639 453 682 494 id
712 462 787 504 est,
816 454 846 493 J
850 468 920 494 esu
950 453 1106 494 Christi
1137 453 1233 494 Filii
1263 454 1341 504 sui,
1370 453 1590 496 fabricasse
1618 463 1660 495 et

267 522 510 565 condidisse.

328 591 392 631 M.
427 591 582 631 Verum
617 603 670 629 an
701 588 818 644 pium
850 603 936 629 esse
971 597 1108 644 putas,
1143 588 1345 629 affirmare
1379 590 1519 630 Deum
1558 590 1658 645 Opt.

271 660 393 700 Max.
415 657 594 714 Spiritus
614 656 840 707 universos,
858 656 982 697 etiam
1002 655 1203 712 malignos
1218 656 1324 708 illos,
1339 671 1443 712 quos
1461 656 1661 698 Diabolos

270 741 478 775 vocamus,
500 724 731 766 condidisse
746 727 763 764 ?

326 796 382 836 A.
406 795 525 835 Deus
544 792 713 849 quidem
736 808 804 834 eos
825 792 926 834 tales
947 807 1028 833 non
1049 791 1280 834 icondidit:
1315 792 1385 833 sed
1406 792 1483 849 ipsi
1504 792 1556 833 ab
1583 792 1663 833 ori-

267 862 364 919 gine
384 878 472 912 sua,
494 862 651 918 absque
671 861 756 902 ulla
777 877 848 917 spe
871 861 1166 917 recuperandae
1193 860 1349 911 salutis,
1373 876 1447 902 sua
1475 861 1660 917 ipsorum

268 930 425 972 malitia
445 930 698 971 exciderunt.
761 930 913 985 Itaque
933 944 1015 969 non
1036 928 1240 970 creatione
1260 939 1300 970 et
1321 940 1484 979 natura,
1502 929 1572 970 sed
1593 944 1664 970 na-

271 1009 376 1041 turae
397 998 661 1055 corruptione
682 997 778 1038 mali
799 997 932 1038 effecti
954 1006 1064 1038 sunt.

326 1067 388 1108 M.
413 1065 549 1117 Quid;
582 1080 635 1106 an
657 1065 752 1106 satis
773 1065 919 1106 habuit
936 1066 1054 1106 Deus
1072 1064 1195 1106 semel
1213 1065 1402 1106 universa
1418 1064 1662 1116 condidisse,

269 1133 379 1175 omni
401 1149 540 1175 rerum
560 1149 659 1174 cura
678 1133 720 1173 in
740 1142 951 1189 posterum
973 1133 1165 1189 abjecta?

328 1203 389 1244 A.
411 1203 507 1242 Hoc
527 1201 696 1258 quidem
716 1210 836 1242 antea
859 1201 1039 1242 breviter
1065 1201 1308 1257 attigeram3
1351 1217 1445 1243 cum
1467 1217 1565 1243 vero
1595 1212 1662 1243 tu-

272 1270 330 1312 eri
351 1279 392 1311 et
417 1285 656 1311 conservare
679 1284 745 1310 res
775 1269 959 1311 conditas
989 1268 1121 1310 multo
1152 1269 1203 1310 sit
1232 1269 1510 1326 praestantius,
1533 1285 1660 1326 quam

272 1354 340 1380 eas
365 1337 488 1379 semel
512 1337 766 1385 condidisse;
799 1337 944 1379 kcerto
974 1337 1226 1379 credendum
1257 1347 1331 1388 est,
1355 1338 1427 1379 ubi
1458 1338 1664 1379 mundum

273 1416 315 1448 et
334 1405 472 1447 omnia
493 1405 548 1447 sic
568 1405 821 1456 fabricasset,
845 1421 893 1447 ea
912 1405 1104 1461 deinceps
1124 1415 1165 1447 et
1185 1421 1458 1456 conservasse,
1475 1416 1516 1447 et
1531 1406 1667 1447 hacte-

273 1492 352 1517 nus
372 1490 623 1517 conservare.
683 1476 871 1516 Ruerent
892 1474 1000 1516 enim
1029 1475 1233 1525 universa,
1255 1484 1381 1530 atque
1409 1475 1463 1516 ad
1489 1475 1666 1516 nihilum

273 1545 516 1594 reciderent,
549 1543 625 1584 nisi
661 1543 750 1599 ejus
780 1544 948 1594 virtute,
981 1551 1022 1584 et
1052 1543 1170 1599 quasi
1200 1558 1325 1583 manu
1357 1543 1668 1585 sustinerentur.

273 1613 338 1654 lA
360 1614 453 1653 Deo
474 1611 597 1653 etiam
618 1620 752 1653 totum
773 1621 933 1652 naturae
952 1610 1153 1660 ordinem,
1176 1619 1217 1651 et
1237 1626 1375 1651 rerum
1403 1611 1665 1662 mutationes,

274 1698 370 1738 quae
390 1681 570 1722 fortunae
586 1679 886 1721 vicissitudines
906 1679 1010 1720 falso
1025 1688 1242 1735 putantur,
1259 1678 1459 1735 pendere:
1485 1679 1667 1720 mDeum

274 1749 426 1791 coelum
446 1763 622 1798 versare,
645 1756 796 1789 terram
821 1747 942 1797 tueri,
965 1747 1094 1787 maria
1121 1746 1340 1797 moderari,
1362 1762 1526 1788 omnem
1555 1747 1668 1789 hunc

275 1817 480 1857 mundum
516 1832 672 1872 regere,
705 1816 795 1872 ejus
830 1815 990 1856 numini
1024 1815 1161 1856 omnia
1190 1830 1348 1871 parere,
1381 1815 1415 1871 ej
1425 1831 1471 1856 us
1500 1815 1670 1857 numine

276 1884 415 1926 onmia
434 1884 655 1940 gubernari
684 1891 795 1925 certo
819 1883 1049 1930 credimus;
1080 1892 1208 1923 neum
1242 1883 1468 1924 serenitatis
1498 1893 1539 1924 et
1569 1892 1671 1925 tem-

278 1952 460 2009 pestatis,
483 1952 638 2009 pluviae
658 1960 699 1993 et
720 1951 923 2002 siccitatis,
945 1951 1226 1992 foecunditatis
1246 1960 1287 1992 et
1307 1951 1542 2002 sterilitatis,
1565 1953 1671 1994 sani-

279 2020 388 2072 tatis,
411 2036 457 2062 ac
486 2021 726 2062 morborum
757 2020 974 2061 authorem
1005 2035 1114 2067 esse3
1157 2035 1267 2069 eum,
1293 2027 1587 2076 0quaecunque
1616 2021 1670 2061 ad

280 2088 407 2130 vitam
428 2099 610 2131 nostram
638 2088 835 2130 tuendam
867 2088 1272 2144 conservandamque
1301 2087 1524 2144 pertinent,
1545 2097 1586 2129 et
1605 2088 1671 2129 vel

280 2156 333 2197 ad
355 2173 454 2197 usus
474 2156 731 2207 necessarios,
750 2156 812 2197 vel
830 2156 883 2197 ad
899 2156 1111 2197 honestam
1129 2155 1384 2212 voluptatem
1400 2165 1669 2213 expetuntur,

280 2240 503 2280 rerumque
518 2225 621 2265 adeo
637 2224 836 2273 omnium,
855 2238 958 2279 quas
976 2232 1125 2264 natura
1140 2223 1358 2274 desiderat,
1375 2223 1672 2265 abundantiam

282 2301 323 2333 ct
342 2292 501 2348 copiam
522 2292 716 2332 munifica
735 2307 862 2332 manu
888 2290 1170 2347 suppeditasse
1198 2307 1371 2347 semper,
1394 2301 1520 2347 atque
1547 2291 1669 2331 etiam

283 2361 548 2417 suppeditare
566 2360 817 2416 largissime3
850 2369 898 2400 ut
918 2359 1114 2400 nimirum
1135 2359 1213 2400 illis
1245 2360 1416 2417 perinde
1446 2369 1671 2410 uteremur,

283 2442 329 2468 ac
351 2443 551 2468 memores
571 2437 612 2469 et
630 2427 720 2485 pios
741 2426 846 2468 filios
866 2426 995 2467 decet.

327 2522 341 2541 ἕ
354 2516 477 2546 Coloss.
493 2516 514 2546 i.
536 2515 585 2546 16.
726 2515 740 2539 h
756 2517 852 2545 Joan.
871 2514 890 2544 i.
906 2524 937 2553 3.
965 2524 977 2544 1
999 2515 1072 2544 Cor.
1089 2513 1155 2543 viii.
1172 2512 1203 2545 6.
1226 2514 1308 2545 Heb.
1324 2514 1346 2544 i.
1364 2523 1391 2544 2.
1530 2513 1538 2534 ⁵
1555 2514 1636 2544 Gen.
1653 2513 1675 2543 i.

284 2577 338 2606 31.
360 2570 458 2599 Joan.
474 2569 540 2600 viii.
557 2577 610 2607 44.
635 2568 760 2599 Coloss.
778 2568 800 2598 i.
822 2567 870 2598 16.
893 2568 969 2598 Jud.
985 2566 1016 2597 6.
1091 2568 1103 2586 ¹<
1123 2568 1208 2597 Psal.
1224 2567 1305 2598 lxxv.
1319 2577 1350 2606 3.
1368 2567 1429 2598 civ.
1450 2577 1499 2597 10.
1523 2567 1604 2597 cxlv.
1623 2573 1672 2606 15.

287 2622 370 2651 Heb.
389 2622 410 2652 i.
425 2632 456 2661 3.
624 2622 630 2643 ¹
649 2623 731 2653 Mat.
748 2633 776 2652 x.
795 2631 849 2662 29,
865 2631 918 2660 30.
1084 2627 1106 2640 ¹¹¹
1121 2621 1221 2652 Exod.
1237 2621 1300 2651 xiv.
1320 2631 1370 2652 2¹.
1394 2622 1476 2651 Psal.
1491 2620 1602 2650 lxxxix.
1626 2630 1673 2651 ιο.

285 2675 434 2711 cxlvii.8‚
451 2686 481 2716 9.
637 2682 651 2696 ¹¹
669 2677 746 2708 ch.
762 2675 844 2707 xxvi.
861 2684 894 2714 4,
909 2677 967 2705 &c.
1127 2678 1142 2694 ⁰
1158 2675 1242 2706 Psal.
1259 2676 1353 2706 cxliv.
1374 2685 1421 2714 13.
1446 2675 1530 2705 cxlv.
1551 2673 1602 2710 16,
1623 2681 1673 2714 17.

286 2729 372 2760 Esai.
390 2730 423 2759 li.
440 2739 470 2768 3.
494 2730 575 2761 Mat.
592 2741 621 2761 v.
639 2738 691 2770 45.
717 2731 811 2761 Rom.
826 2730 887 2761 xiv.
903 2729 933 2761 6.
962 2739 973 2759 1
992 2729 1065 2759 Cor.
1084 2739 1111 2759 x.
1128 2738 1181 2768 31.
1207 2729 1288 2769 Eph.
1301 2740 1331 2760 v.
1348 2737 1378 2768 4.
1406 2739 1416 2759 1
1437 2728 1576 2760 Tinriv,
1594 2738 1627 2768 3,
1641 2737 1671 2767 4.

290 2793 301 2815 1
323 2783 388 2814 Pet.
407 2794 433 2813 v.
454 2790 481 2825 7.
