1799 3077
247 132 330 172 232
572 131 809 173 NOELLI
844 131 1311 173 CATECHISMUS.

247 254 339 286 ctus
353 244 588 285 fraenandos
607 244 837 285 institutam
855 260 941 286 esse
954 245 1044 301 jam
1063 244 1279 301 aliquoties
1294 246 1636 298 commemoraris,

248 311 350 369 quid
370 311 436 353 hic
451 311 629 368 amplius
649 311 902 367 praecipitur,
919 312 1034 367 quod
1054 321 1175 353 antea
1193 312 1275 353 fuit
1294 313 1489 354 omissum
1504 317 1521 354 ?

306 381 362 420 A.
395 379 594 420 Actiones
623 395 785 435 pravas,
807 379 1062 436 affectusque
1091 380 1217 421 animi
1237 380 1403 422 vitiosos
1424 383 1542 422 Deus
1573 397 1641 423 su-

249 463 325 504 pra
354 447 591 504 prohibuit3
625 463 735 488 nunc
763 463 861 488 vero
883 447 1201 489 iexactissimam
1233 465 1257 489 a
1285 449 1403 490 nobis
1432 449 1643 506 integrita-

251 526 334 557 tem
366 515 553 571 requirit,
576 524 624 556 ut
658 531 710 556 ne
740 515 1009 572 cupiditatem
1037 516 1205 572 quidem
1238 517 1364 557 ullam
1394 517 1456 558 vel
1490 517 1643 558 levissi-

251 599 375 634 mam,
397 592 471 624 aut
502 583 790 640 cogitationem
822 583 1034 624 minimam
1055 599 1080 624 a
1099 592 1210 625 recto
1230 600 1400 641 quoquo
1430 586 1553 627 modo
1573 586 1644 628 de-

252 652 486 703 clinantem,
507 651 548 691 in
568 652 751 692 animum
773 652 971 708 obrepere
992 651 1184 693 sinamus.

312 721 380 761 M.
413 719 526 770 Quid
557 734 671 775 ergo,
694 719 937 775 improvisas
958 728 998 760 et
1027 720 1260 776 repentinas
1290 720 1412 762 etiam
1444 721 1647 778 cupidita-

255 796 329 838 tes,
351 795 740 843 momentaneasque
760 786 1041 843 cogitationes,
1065 803 1160 843 quae
1187 788 1265 844 piis
1285 789 1407 830 etiam
1429 805 1514 830 sese
1532 789 1647 845 inge-

255 864 368 907 runt,
390 864 557 911 peccata
576 870 661 896 esse
682 855 796 903 dicis,
819 854 975 895 etiamsi
1002 854 1081 895 illis
1100 855 1340 897 obnitantur
1360 857 1499 914 potius
1518 871 1644 912 quam

256 925 542 980 obtemperent
556 926 572 964 ?

315 994 372 1033 A.
405 993 560 1033 Omnes
588 1001 697 1033 certe
727 1007 875 1048 pravas
902 992 1216 1049 keogitationes,
1239 994 1396 1035 etiamsi
1424 1008 1507 1034 non
1538 1009 1650 1034 acce-

259 1061 332 1102 dat
351 1075 584 1110 consensus,
607 1075 657 1100 ex
689 1070 838 1101 natura
867 1070 1007 1101 nostra
1026 1061 1251 1117 depravata
1280 1061 1446 1118 prodire
1478 1070 1648 1102 constat.

261 1128 523 1185 Cupiditates
543 1143 640 1169 vero
661 1128 907 1184 repentinas,
929 1144 1024 1184 quae
1054 1130 1178 1170 corda
1207 1129 1390 1170 humana
1416 1128 1648 1179 sollicitant,

259 1213 334 1238 nec
355 1205 492 1237 tamen
512 1196 674 1236 firmam
695 1195 819 1236 animi
839 1196 1112 1237 assensionem
1137 1197 1560 1253 approbationemque
1581 1197 1651 1238 eli-

260 1265 390 1315 ciunt,
413 1279 494 1305 non
516 1272 576 1304 est
596 1263 771 1304 dubium
793 1263 895 1320 quin
918 1265 1036 1304 Deus
1065 1264 1142 1305 hoc
1173 1274 1394 1321 praecepto,
1416 1275 1464 1306 ut
1483 1274 1650 1321 peccata

260 1332 440 1373 damnet.
501 1332 584 1371 Par
612 1331 720 1371 enim
751 1340 825 1382 est,
849 1341 896 1372 ut
926 1346 1062 1373 coram
1084 1330 1201 1372 ¹Deo
1233 1332 1274 1372 in
1305 1332 1498 1374 cordibus
1527 1332 1650 1374 etiam

261 1399 424 1449 nostris,
441 1408 567 1454 atque
583 1397 741 1449 animis,
760 1414 833 1439 sua
848 1409 974 1455 atque
994 1416 1042 1441 ea
1061 1415 1222 1440 summa
1242 1400 1454 1456 integritas
1473 1410 1512 1441 et
1533 1415 1653 1440 mun-

263 1467 383 1508 dities
404 1466 594 1507 reluceat.
657 1467 753 1507 Non
775 1467 882 1507 enim
904 1467 962 1507 illi
990 1476 1125 1523 potest
1154 1467 1386 1508 innocentia
1409 1468 1654 1524 justitiaque

265 1544 299 1564 m
314 1534 391 1575 nisi
428 1550 590 1575 summa
620 1534 805 1591 placere;
841 1535 961 1591 cujus
996 1545 1037 1577 et
1070 1536 1176 1576 hanc
1210 1551 1326 1577 suam
1358 1536 1531 1592 Legem,
1565 1552 1656 1592 per-

265 1603 416 1644 fectam
437 1603 555 1644 nobis
576 1603 763 1659 regulam
784 1603 1010 1660 proposuit.

325 1672 389 1711 M.
423 1672 641 1712 Hactenus
663 1671 921 1728 Decalogum
942 1671 1120 1713 breviter
1140 1681 1181 1713 et
1201 1671 1380 1713 dilucide
1400 1671 1656 1728 explicuisti;

269 1754 411 1780 verum
437 1739 526 1780 haec
547 1739 684 1780 omnia
712 1739 918 1796 sigillatim
940 1756 965 1780 a
984 1750 1024 1781 te
1044 1756 1119 1796 per
1138 1751 1276 1796 partes
1295 1749 1481 1791 tractata,
1503 1755 1555 1781 an
1576 1754 1658 1781 non

269 1816 444 1863 possunt
464 1807 607 1863 paucis
628 1807 670 1847 in
692 1822 818 1848 unam
839 1807 956 1863 quasi
978 1823 1179 1848 summam
1200 1808 1368 1863 colligi?

327 1877 383 1916 A.
417 1875 529 1926 Quid
557 1875 629 1916 ni?
662 1890 756 1916 cum
779 1875 971 1917 Christus
1001 1876 1175 1916 coelestis
1203 1875 1398 1931 magister
1430 1875 1659 1916 universam

270 1944 398 2000 Legis
418 1943 501 1984 vim
522 1959 568 1984 ac
588 1952 779 1984 naturam
811 1944 1043 1985 summatim
1076 1943 1398 1998 brevissimoque
1418 1944 1661 1999 compendio

271 2011 323 2052 sit
343 2011 597 2067 complexus,
619 2011 662 2052 in
689 2011 801 2052 hunc
821 2011 992 2053 modum
1014 2011 1174 2052 dicens:
1210 2011 1405 2067 nDiliges
1432 2011 1660 2052 Dominum

272 2081 412 2121 Deum
435 2087 569 2130 tuum,
591 2095 643 2120 ex
667 2088 754 2121 toto
775 2080 897 2122 corde
925 2089 1012 2130 tuo,
1035 2095 1086 2120 ex
1118 2088 1204 2121 tota
1233 2080 1369 2120 anima
1397 2089 1482 2129 tua,
1505 2095 1555 2120 ex
1576 2088 1662 2120 tota

273 2157 410 2189 mente
441 2156 527 2198 tua,
550 2156 591 2188 et
621 2163 672 2189 ex
704 2148 800 2189 totis
829 2148 987 2189 viribus
1017 2147 1124 2195 tuis3
1160 2157 1201 2188 et
1231 2147 1309 2188 hoc
1345 2147 1572 2187 maximum
1603 2156 1661 2188 est

273 2224 527 2271 praeceptum
548 2215 590 2255 in
612 2216 740 2272 Lege.
805 2215 1042 2257 Secundum
1064 2224 1202 2256 autem
1224 2224 1285 2255 est
1305 2213 1401 2254 huic
1423 2213 1566 2264 simile,
1589 2214 1665 2254 Di-

274 2281 376 2339 liges
396 2283 633 2338 proximum
656 2283 758 2324 sicut
781 2284 971 2340 teipsum.
1018 2283 1091 2324 Ad
1113 2283 1201 2324 haec
1221 2283 1328 2324 enim
1350 2282 1435 2323 duo
1455 2281 1662 2331 mandata,

276 2351 467 2391 universa
486 2351 578 2391 Lex
600 2360 640 2392 et
661 2351 884 2407 Prophetae
904 2352 1153 2392 referuntur.

334 2420 398 2459 M.
431 2418 513 2459 Dei
533 2434 713 2461 amorem
734 2419 899 2475 qualem
919 2419 985 2460 hic
1006 2419 1161 2475 requiri
1181 2418 1405 2475 intelligis?

334 2487 390 2526 A.
424 2486 507 2536 Qui
537 2487 630 2528 Deo
649 2487 840 2528 videlicet
867 2487 1106 2535 conveniat;
1139 2487 1183 2528 id
1210 2496 1284 2538 est,
1308 2496 1355 2528 ut
1377 2485 1498 2527 simul
1519 2495 1559 2527 et
1580 2487 1664 2527 Do-

323 2607 330 2627 *
347 2609 434 2639 Esai.
450 2609 471 2640 i.
489 2609 536 2640 16.
562 2610 656 2640 Rom.
673 2609 740 2640 xiii.
759 2619 807 2649 14.
831 2611 903 2641 Gal.
921 2621 949 2641 v.
969 2619 1016 2649 14.
1088 2648 1091 2654 .
1179 2610 1196 2631 ¹¹
1220 2611 1300 2641 Gen.
1320 2611 1362 2641 vi.
1381 2619 1410 2650 5.
1427 2609 1493 2640 viii.
1512 2617 1562 2638 21.
1585 2608 1668 2639 Psal.

280 2661 363 2692 xciv.
382 2672 430 2692 11.
453 2663 545 2693 Prov.
560 2674 615 2693 xx.
630 2673 660 2704 9.
685 2664 767 2694 Mat.
785 2674 838 2694 xv.
854 2664 904 2701 18,
922 2673 969 2703 19.
1111 2663 1119 2684 ¹
1143 2665 1231 2696 Esai.
1246 2665 1267 2695 i.
1284 2663 1332 2694 16.
1354 2664 1443 2694 xxix.
1463 2672 1511 2701 ¹3,
1530 2669 1577 2702 15.
1599 2662 1667 2694 Jer.

284 2715 327 2746 iv.
345 2723 393 2752 14.
418 2715 532 2746 Ezech.
549 2716 639 2746 xviii.
654 2724 707 2753 31.
731 2717 814 2748 Mat.
830 2727 860 2748 v.
878 2717 909 2747 8.
1141 2724 1163 2739 ¹¹¹
1183 2718 1265 2749 Psal.
1283 2728 1313 2748 v.
1328 2725 1362 2755 4,
1378 2724 1408 2757 5.
1435 2725 1451 2746 2
1470 2716 1544 2746 Cor.
1561 2715 1602 2745 vi.
1619 2725 1667 2753 14.

284 2774 300 2789 ¹¹
317 2769 399 2800 Mat.
416 2769 494 2799 xxii.
509 2776 562 2809 37.
587 2770 671 2801 Mar.
688 2770 745 2801 xii.
760 2779 814 2808 30.
838 2771 918 2802 Luc.
934 2781 964 2802 x.
983 2778 1033 2811 27.
