1799 3077
71 804 167 832 Num.
183 802 242 832 xvi.

282 130 366 170 114
672 128 897 169 JUELLI
931 128 1272 170 APOLOGIA.

281 259 364 285 non
394 242 569 299 legibus,
590 257 670 282 non
702 241 900 292 moribus,
931 257 1013 283 non
1043 242 1118 292 fas,
1148 257 1230 283 non
1255 243 1340 298 jus,
1373 256 1455 282 non
1485 256 1668 297 aequum,

281 327 363 353 non
385 319 542 352 rectum
563 309 709 360 colere,
730 309 783 350 ad
804 309 942 350 omnia
960 309 1116 365 flagitia
1140 309 1279 350 laxare
1304 309 1448 359 fraena,
1470 318 1511 349 et
1539 324 1672 365 popu-

282 378 370 419 lum
392 378 445 420 ad
466 393 586 419 omne
606 393 739 434 genus
759 376 934 417 licentiae
953 386 1079 433 atque
1098 377 1280 418 libidinis
1300 392 1523 434 provocare
1541 393 1549 417 :
1584 378 1673 417 Nos

280 446 325 487 id
345 462 467 503 agere
488 455 529 487 et
549 460 749 502 quaerere,
773 453 821 486 ut
842 445 1089 486 monarchiae
1109 454 1150 486 et
1170 461 1393 502 regnorum
1414 454 1545 486 status
1561 461 1674 486 ever-

282 524 438 565 tantur,
471 523 512 556 et
546 513 684 555 omnia
719 512 773 554 ad
806 512 1048 569 popularem
1086 514 1355 555 temeritatem
1393 522 1434 554 et
1472 513 1674 569 imperitae

282 583 561 625 multitudinis
582 581 901 623 dominationem
924 580 1189 636 redigantur:
1223 583 1312 622 Nos
1333 581 1385 622 ab
1406 581 1592 622 Ecclesia
1611 597 1676 622 ca-

285 651 437 693 tholica
457 650 712 692 tumultuose
733 649 942 699 defecisse,
963 657 1003 689 et
1024 648 1181 690 nefario
1203 649 1418 690 schismate
1438 649 1579 690 orbem
1596 658 1676 690 ter-

285 734 426 760 rarum
452 717 715 767 concussisse,
738 725 778 757 et
807 731 950 773 pacem
981 731 1255 767 communem,
1277 725 1403 772 atque
1433 714 1564 756 otium
1595 717 1677 757 Ec-

285 787 417 829 clesiae
437 785 651 842 publicum
674 785 963 832 conturbasse3
996 792 1128 840 utque
1148 784 1246 825 olim
1267 784 1439 824 Dathan
1455 791 1495 823 et
1511 783 1676 824 Abii-on

285 856 338 896 ab
359 857 528 896 Aarone
549 863 590 895 et
612 854 747 904 Mose,
765 852 824 893 ita
843 868 917 893 nos
937 852 1060 893 hodie
1080 868 1104 893 a
1127 853 1251 893 Rom.
1275 852 1475 893 Pontifice
1492 851 1576 892 sine
1593 852 1678 893 ulla

287 923 383 964 satis
396 923 513 979 justa
532 936 656 963 causa
676 919 940 961 secessionem
967 920 1136 968 fecisse3
1169 919 1398 976 priscorum
1431 921 1605 960 Patrum
1636 929 1677 961 et

286 1001 473 1032 veterum
494 989 759 1031 conciliorum
779 988 1065 1029 auctoritatem
1091 1003 1168 1044 pro
1195 987 1323 1028 nihilo
1352 996 1524 1043 putare;
1558 1003 1679 1028 caere-

287 1057 444 1099 monias
464 1057 655 1112 antiquas
675 1071 699 1096 a
718 1055 908 1112 patribus
928 1064 969 1096 et
989 1055 1152 1111 proavis
1173 1054 1322 1096 nostris
1342 1054 1484 1095 multis
1507 1054 1596 1110 jam
1621 1070 1680 1096 se-

288 1126 403 1174 culis,
426 1125 544 1167 bonis
573 1123 773 1172 moribus,
793 1132 834 1165 et
864 1122 1102 1164 melioribus
1132 1122 1387 1179 temporibus
1416 1122 1678 1179 approbataS,

288 1204 441 1235 temere
477 1202 519 1233 et
553 1191 774 1233 insolenter
804 1191 1021 1247 abrogasse
1035 1207 1047 1243 3
1089 1200 1129 1231 et
1160 1200 1300 1232 nostra
1328 1199 1491 1232 tantum
1520 1190 1682 1247 privata

289 1261 548 1311 auctoritate,
571 1260 733 1316 injussu
763 1260 865 1301 sacri
895 1269 937 1301 et
969 1259 1231 1301 Oecumenici
1265 1258 1452 1309 Concilii,
1482 1274 1609 1299 novos
1638 1259 1681 1299 in

291 1329 519 1372 Ecclesiam
540 1328 644 1369 ritus
663 1328 888 1369 invexisse:
923 1329 1069 1383 Atque
1091 1327 1169 1368 ista
1188 1343 1262 1368 nos
1282 1327 1420 1367 omnia
1440 1342 1521 1368 non
1547 1326 1682 1382 religi-

290 1397 380 1439 onis
398 1412 534 1446 causa‚
556 1396 625 1437 sed
647 1396 918 1437 contentionis
938 1405 1100 1437 tantum
1120 1395 1257 1436 studio
1276 1395 1439 1436 fecisse:
1476 1396 1527 1436 Se
1542 1403 1681 1436 autem

292 1466 392 1507 nihil
416 1480 584 1522 prorsus
603 1464 855 1514 immutasse,
877 1464 1015 1505 omnia
1036 1480 1131 1505 vero
1153 1474 1200 1505 ut
1217 1464 1270 1505 ab
1287 1463 1501 1520 Apostolis
1517 1463 1681 1514 tradita,

292 1544 334 1577 et
353 1535 406 1576 ab
427 1532 720 1589 antiquissimis
740 1532 929 1588 patribus
950 1532 1178 1588 approbata
1196 1531 1365 1583 fuerint,
1387 1532 1441 1573 ad
1470 1532 1583 1573 hunc
1614 1548 1683 1572 us-

293 1618 375 1658 que
396 1601 504 1642 diem
526 1616 600 1657 per
619 1609 681 1641 tot
701 1600 837 1641 secula
855 1600 1082 1641 retinuisse.

351 1671 468 1711 Neve
487 1685 552 1710 res
571 1668 786 1710 calumniis
806 1677 967 1710 tantum
983 1670 1064 1725 agi,
1085 1678 1126 1710 et
1145 1670 1198 1711 ad
1219 1669 1415 1711 invidiam
1437 1678 1617 1711 nostram
1639 1669 1681 1709 in

296 1738 459 1794 angulis
487 1737 620 1778 solum
645 1737 793 1793 jactari
814 1737 1039 1788 videretur,
1063 1738 1275 1779 subornati
1306 1747 1402 1779 sunt
1431 1753 1456 1778 a
1486 1737 1686 1778 Romanis

298 1806 572 1848 Pontificibus
601 1805 787 1846 homines
817 1805 988 1862 quidam
1019 1805 1115 1846 satis
1145 1805 1300 1856 diserti,
1333 1814 1373 1846 et
1403 1820 1486 1845 non
1516 1805 1685 1855 indocti,

298 1874 371 1931 qui
392 1874 445 1915 ad
466 1888 631 1915 causam
653 1873 910 1930 desperatam
932 1873 1184 1924 accederent,
1207 1882 1248 1914 et
1274 1888 1362 1914 eam
1388 1872 1503 1914 libris
1532 1882 1573 1914 et
1601 1873 1688 1914 lon-

297 1942 361 1999 gis
381 1941 635 1984 orationibus
655 1950 925 1990 exornarent;
960 1950 1006 1983 ut
1027 1957 1122 1983 cum
1139 1941 1346 1998 eleganter
1363 1950 1402 1982 et
1417 1941 1579 1998 copiose
1594 1957 1688 1998 age-

300 2022 429 2062 retur,
451 2010 636 2052 homines
657 2010 836 2067 imperiti
856 2022 1022 2067 possent
1042 2010 1083 2051 in
1105 2026 1153 2051 ea
1179 2010 1337 2066 aliquid
1364 2025 1450 2051 esse
1477 2010 1685 2066 suspicari.

302 2079 508 2121 Videbant
533 2078 696 2128 scilicet,
720 2079 876 2134 ubique
906 2088 1108 2120 terrarum
1139 2094 1303 2120 causam
1335 2093 1451 2119 suam
1481 2078 1689 2130 inclinare,

301 2156 408 2188 artes
429 2161 522 2187 suas
542 2146 631 2201 jam
650 2146 796 2197 videri,
817 2155 858 2187 et
884 2146 1053 2187 minoris
1078 2146 1232 2203 putari,
1255 2155 1295 2188 et
1324 2145 1516 2203 praesidia
1546 2161 1620 2186 sua
1647 2145 1689 2185 in

303 2214 486 2271 singulos
524 2214 610 2255 dics
650 2214 912 2262 labefactari3
961 2226 1001 2256 et
1036 2215 1203 2256 omnino
1237 2229 1402 2256 causam
1442 2229 1691 2270 magnopere

304 2298 424 2338 egere
444 2281 682 2338 patrocinio.
743 2283 904 2323 Eorum
927 2292 1081 2333 autem,
1104 2299 1199 2338 quae
1220 2283 1273 2324 ab
1293 2282 1372 2324 illis
1392 2282 1434 2322 in
1454 2297 1528 2322 nos
1549 2281 1691 2321 dicun-

306 2359 375 2392 tur
394 2350 546 2407 partim
566 2349 779 2390 manifeste
799 2350 900 2391 falsa
921 2361 1031 2400 sunt,
1053 2360 1093 2392 et
1113 2352 1311 2407 ipsorum,
1333 2366 1358 2391 a
1377 2349 1530 2406 quibus
1550 2349 1694 2390 dicun-

307 2427 390 2469 tur,
407 2418 568 2475 judicio
586 2418 883 2466 condemnata3
917 2419 1083 2474 partim,
1100 2419 1175 2460 etsi
1196 2418 1298 2459 falsa
1314 2427 1410 2459 sunt
1425 2417 1495 2458 illa
1509 2433 1691 2474 quoque,

309 2495 444 2526 tamen
465 2486 640 2541 speciem
662 2485 748 2527 veri
767 2485 948 2542 aliquam
967 2495 1008 2527 et
1029 2486 1337 2528 similitudinem
1356 2502 1443 2543 prae
1471 2502 1512 2527 se
1538 2486 1694 2537 ferunt,

310 2561 357 2592 ut
376 2552 417 2592 in
447 2552 524 2593 illis
551 2553 741 2594 incautus
770 2553 910 2605 lector,
931 2554 1109 2594 maxime
1129 2570 1240 2605 vero,
1264 2554 1295 2595 si
1325 2554 1491 2595 accedat
1520 2552 1693 2593 istorum

309 2619 535 2674 composita
563 2630 604 2661 et
633 2620 797 2677 elegans
827 2621 972 2672 oratio,
1003 2622 1121 2663 facile
1154 2622 1452 2671 circumveniri,
1483 2629 1524 2662 et
1559 2636 1694 2661 errare

310 2686 461 2742 possit3
494 2688 644 2743 partim
666 2705 763 2730 vero
783 2698 880 2731 sunt
900 2690 1116 2746 ejusmodi,
1139 2699 1187 2732 ut
1207 2706 1255 2731 ea
1280 2706 1354 2731 nos
1383 2704 1464 2730 non
1495 2698 1691 2744 tanquam

310 2754 480 2796 crimina
499 2755 703 2811 refugere,
726 2757 796 2797 sed
827 2767 1023 2813 tanquam
1055 2769 1177 2808 recte,
1199 2767 1323 2815 atque
1352 2757 1508 2814 optima
1539 2756 1694 2798 ratione
