1799 3077
500 132 734 174 NOELLI
768 130 1234 185 CATECHISMUS.
1472 138 1555 181 293

168 245 351 287 oratione
375 245 622 301 requiratur.
685 247 841 286 Verum
862 245 928 287 dic
948 245 1062 295 mihi,
1085 244 1272 286 ardorem
1293 245 1417 287 istum
1438 257 1555 290 natu-

167 313 361 364 ralemne,
382 322 423 354 et
443 312 588 354 animis
618 313 766 354 nostris
796 313 980 364 insitum,
1003 328 1056 354 an
1076 313 1274 353 Divinam
1307 313 1412 355 hanc
1443 331 1554 358 men-

167 381 272 423 tium
293 390 525 422 nostrarum
552 380 827 422 incitationem
851 397 938 422 esse
956 383 1110 437 putas?

224 451 280 490 A.
315 451 450 490 Sacrae
470 448 599 489 literae
620 458 824 490 testantur
844 449 925 491 Dei
949 448 1148 505 Spiritum
1170 457 1188 476 ⁰
1200 449 1379 505 gemitus
1398 449 1556 492 inenar-

167 516 328 566 rabiles,
351 515 503 572 quibus
523 531 663 572 preces
683 526 833 558 nostrae
855 517 1034 558 efficaces
1063 516 1312 567 redduntur,
1334 517 1449 558 ciere.
1512 520 1556 559 Is

168 600 267 640 ergo
298 584 382 625 sine
413 583 543 624 dubio
574 594 731 626 mentes
761 595 920 626 nostras
947 584 1087 626 afflatu
1118 600 1193 625 suo
1222 584 1412 635 concitat,
1434 595 1475 626 et
1503 586 1555 626 ad

167 651 369 692 orandum
391 651 501 692 acuit
521 661 647 708 atque
667 653 850 709 adjuvat.

227 720 291 760 M.
325 719 437 770 Quid
459 735 572 776 ergo,
594 736 689 761 cum
713 721 781 761 hic
811 721 934 761 animi
965 721 1102 772 ardor,
1124 722 1197 778 qui
1228 737 1387 778 semper
1416 722 1556 763 adesse

166 802 249 828 non
280 796 430 843 potest,
452 788 694 838 consederit,
717 797 790 829 aut
822 788 1028 829 extinctus
1058 789 1226 830 omnino
1251 789 1391 840 fuerit,
1413 805 1465 830 an
1495 790 1556 846 pi-

165 854 289 911 gritia
316 863 537 910 torpentes,
560 864 600 896 et
626 856 743 911 quasi
771 855 1055 906 dormitantes,
1076 857 1355 913 agitationem,
1377 867 1555 899 motum-

166 937 249 977 que
271 920 449 977 Spiritus
469 921 687 963 oscitanter
706 922 1046 978 expectabimus?

224 991 280 1030 A.
313 989 430 1030 Nihil
460 990 621 1037 minus3
654 990 756 1046 quin
787 990 926 1046 potius
955 990 1249 1047 languentibus
1282 992 1398 1032 nobis
1430 1002 1555 1047 atque

164 1057 303 1098 animo
333 1057 523 1106 remissis,
555 1058 757 1098 Divinum
788 1057 1009 1114 Pprotinus
1039 1058 1241 1099 auxilium
1276 1060 1553 1115 expetendum

167 1134 241 1175 est,
264 1135 311 1166 ut
331 1125 365 1166 is
384 1125 634 1167 alacritatem
655 1125 773 1167 nobis
792 1126 933 1176 addat,
951 1127 1191 1182 animosque
1212 1137 1371 1168 nostros
1390 1127 1444 1168 ad
1464 1143 1554 1183 pre-

167 1193 345 1233 candum
381 1194 553 1241 excitet3
586 1194 693 1235 hanc
723 1193 832 1234 enim
862 1203 1057 1245 mentem,
1090 1194 1428 1251 voluntatemque
1461 1196 1554 1236 Deo

166 1259 272 1300 duce
293 1261 548 1318 suscipimus.

225 1330 288 1369 M.
324 1331 519 1386 Superest
540 1330 643 1386 jam,
666 1339 713 1371 ut
732 1331 835 1387 quid
865 1330 1057 1387 precibus
1076 1346 1101 1371 a
1120 1332 1214 1371 Deo
1233 1330 1457 1372 debeamus
1486 1346 1555 1371 ex-

166 1411 346 1452 poscere,
378 1413 429 1439 ex
467 1407 508 1439 te
539 1397 781 1453 intelligam.
843 1398 1030 1448 Licetne,
1063 1398 1263 1454 quicquid
1298 1398 1338 1438 in
1374 1407 1553 1439 mentem

166 1464 391 1506 buccamve
411 1466 529 1506 nobis
550 1465 721 1516 venerit,
739 1482 763 1507 a
783 1467 875 1507 Deo
895 1469 1065 1522 petere?

224 1535 282 1574 A.
314 1535 455 1583 Quum
487 1534 670 1575 homines
699 1548 724 1575 a
752 1549 850 1575 vera
878 1534 1030 1590 pietate
1060 1534 1194 1585 alieni,
1227 1544 1311 1576 tam
1341 1535 1552 1577 honestam
1568 1545 1634 1574 Cic.
1649 1544 1684 1573 de
1701 1545 1757 1573 do-

167 1600 401 1657 opinionem
421 1601 473 1642 de
494 1603 682 1642 Deorum
711 1617 880 1642 suorum
900 1602 1070 1643 numine
1096 1617 1143 1644 ac
1163 1613 1299 1644 mente
1319 1603 1553 1655 habuerint,
1567 1597 1617 1617 ¹¹¹⁰
1634 1596 1697 1616 sua.

167 1678 217 1710 ut
237 1668 375 1725 expeti
396 1668 498 1709 nihil
518 1669 570 1710 ab
591 1669 653 1719 iis,
676 1669 790 1725 quod
816 1669 867 1709 sit
893 1669 1108 1726 injustum,
1129 1685 1176 1710 ac
1202 1669 1464 1711 inhonestum
1486 1670 1555 1711 de-

165 1737 263 1778 bere
283 1737 606 1784 arbitrarentur3
639 1736 746 1777 absit
777 1745 824 1777 ut
854 1736 1039 1777 homines
1071 1737 1293 1778 Christiani
1314 1737 1551 1793 quicquam,

165 1819 192 1845 a
220 1820 305 1860 quo
331 1804 472 1845 divina
501 1820 615 1845 mens
645 1813 770 1860 atque
800 1805 993 1846 voluntas
1022 1805 1287 1855 qabhorreat,
1308 1805 1499 1860 precibus
1529 1822 1553 1846 a

166 1873 260 1913 Deo
291 1882 480 1928 petamus
513 1888 708 1929 unquam.
771 1874 868 1914 Hoc
898 1872 1006 1913 enim
1034 1882 1138 1914 esset
1157 1872 1337 1913 divinam
1366 1874 1553 1929 majesta-

165 1949 249 1981 tem
270 1940 432 1996 injuria,
455 1949 581 1996 atque
601 1940 826 1996 ignominia
846 1940 968 1981 etiam
990 1955 1150 1981 summa
1172 1939 1330 1981 afficere
1343 1957 1358 1987 ;
1388 1949 1551 1981 tantum

165 2009 294 2058 abest,
316 2017 364 2049 ut
384 2008 476 2049 talis
506 2008 564 2048 illi
594 2008 774 2064 precatio
803 2008 977 2064 placere,
999 2017 1072 2048 aut
1092 2007 1315 2063 quicquam
1335 2008 1388 2048 ab
1410 2023 1458 2047 eo
1478 2007 1552 2047 im-

165 2084 327 2132 petrare
361 2084 501 2131 queat,
562 2077 704 2126 Quum
742 2090 838 2116 vero
873 2084 914 2116 et
949 2074 1161 2115 hebetiora
1200 2074 1280 2114 sint
1315 2074 1550 2115 mortalium

166 2143 370 2199 ringenia,
397 2157 522 2198 quam
555 2152 602 2183 ut
633 2143 738 2198 quid
772 2142 870 2199 ipsis
899 2141 1092 2198 expediat
1122 2141 1349 2196 intelligere
1377 2141 1548 2197 possint,

164 2220 206 2252 et
245 2210 477 2252 animorum
516 2210 764 2266 cupiditates
797 2219 881 2251 tam
921 2224 1043 2250 coecae
1082 2218 1208 2265 atque
1241 2208 1466 2259 indomitae,
1506 2219 1551 2251 ut

163 2294 247 2320 non
274 2278 404 2319 solum
427 2279 546 2328 duce,
568 2293 693 2333 quem
722 2286 961 2334 sequantur,
985 2277 1055 2318 sed
1075 2276 1214 2317 fraenis
1240 2276 1376 2326 etiam,
1398 2277 1551 2332 quibus

162 2355 440 2395 coerceantur,
461 2360 567 2401 opus
586 2345 778 2396 habeant,
801 2345 920 2385 nimis
947 2343 1173 2385 absurdum
1195 2353 1313 2393 esset,
1335 2343 1550 2386 affectibus

164 2428 239 2453 nos
259 2413 407 2454 nostris
428 2420 579 2453 temere
597 2412 909 2468 praecipitesque
929 2411 970 2452 in
992 2411 1198 2467 precando
1218 2410 1329 2451 ferri.
1371 2410 1446 2451 Ad
1465 2427 1548 2451 cer-

165 2490 249 2521 tam
269 2496 367 2536 ergo
387 2494 573 2520 normam
593 2488 720 2534 atque
747 2479 1098 2535 praescriptionem
1124 2477 1377 2534 precationes
1397 2486 1547 2520 nostrae

164 2547 332 2588 omnino
351 2555 448 2588 sunt
467 2546 704 2602 dirigendae.

207 2661 221 2674 ⁰
237 2654 331 2685 Rom.
348 2653 414 2683 viii.
433 2652 484 2683 26.
508 2652 622 2692 Ephes.
639 2652 674 2682 ii.
693 2652 740 2682 18.
951 2659 965 2679 Ρ
981 2652 1064 2683 Psal.
1083 2652 1116 2682 li.
1138 2660 1185 2692 17.
1220 2653 1301 2684 Mat.
1318 2653 1404 2683 xxvi.
1422 2661 1476 2692 40,
1493 2661 1545 2691 41.

164 2716 178 2734 Ἰ
194 2709 276 2740 Mat.
290 2708 345 2739 vii.
361 2717 409 2739 11.
438 2707 535 2738 doan.
550 2706 615 2737 xvi.
635 2715 688 2746 23,
708 2715 758 2744 24.
783 2707 895 2737 Jacob.
912 2706 954 2736 iv.
971 2716 1003 2746 3.
1036 2716 1046 2737 1
1065 2708 1160 2738 Joan.
1179 2717 1208 2736 v.
1228 2715 1276 2745 14.
1432 2711 1443 2726 ¹*
1464 2708 1544 2738 Mat.

165 2772 218 2793 xx.
236 2771 287 2794 22.
309 2763 406 2793 Rom.
423 2761 488 2792 viii.
506 2759 558 2799 26,
577 2767 628 2800 27.
651 2760 763 2791 Jacob.
780 2760 822 2789 iv.
839 2769 870 2798 3.

816 2815 889 2853 113
