1799 3077
477 128 714 169 NOELLI
747 126 1211 168 CATECHISMUS.
1457 129 1541 169 5283

154 241 235 282 ime
264 240 428 289 incitet3
461 240 648 297 adeoque
679 255 774 282 vere
803 239 935 281 fidelis
967 255 1050 281 non
1082 240 1148 291 sit,
1171 239 1244 295 qui
1274 254 1358 280 non
1389 248 1430 281 et
1450 240 1549 282 vitia

156 324 233 365 pro
268 309 375 351 virili
408 308 629 359 edeclinet,
662 318 703 350 et
736 307 911 350 virtutes
946 308 1128 349 studiose
1163 307 1449 363 amplexetur3
1492 308 1551 349 ita

158 392 319 433 semper
339 377 494 427 vivens,
516 385 564 418 ut
584 376 784 417 rationem
807 376 883 418 sibi
903 376 1157 417 reddendam
1179 375 1415 416 arbitretur.

217 445 281 485 M.
312 446 430 500 Ergo
460 444 660 500 explicate
691 444 806 495 mihi,
829 443 1040 500 quomodo
1059 459 1185 500 opera
1215 452 1355 484 nostra
1374 444 1468 484 Deo
1489 458 1553 484 ac-

159 523 278 568 cepta
298 512 393 563 sint,
418 520 458 553 ‘et
479 512 633 568 quibus
654 512 862 553 donentur
882 511 1062 569 praemiis
1082 511 1289 553 edissere?

217 581 273 620 A.
306 580 381 621 sIn
405 581 599 637 operibus
627 580 746 621 bonis
767 580 853 621 duo
882 580 1093 637 praecipue
1122 579 1405 635 requiruntur.
1466 578 1556 618 Pri-

160 662 291 698 mum,
312 657 360 689 ut
381 665 428 689 ea
453 664 592 705 opera,
614 657 634 687 g
647 664 743 704 quae
765 649 882 704 Lege
901 648 1056 689 Divina
1084 647 1325 705 praescripta
1355 654 1465 696 sunt,
1487 645 1556 686 de-

161 715 258 757 inde
285 727 332 757 ut
362 732 410 758 ea
439 726 575 758 mente
602 725 729 772 atque
750 716 906 767 hFide,
929 732 1054 771 quam
1084 717 1201 757 Deus
1229 715 1371 772 exigit,
1393 729 1418 755 a
1437 713 1556 755 nobis

163 784 451 840 suscipiantur.
501 786 542 825 N
547 784 642 825 ullae
663 784 771 825 enim
792 784 858 825 vel
879 784 1072 836 actiones,
1094 784 1160 826 vel
1181 783 1448 841 cogitationes
1469 782 1555 823 sine

162 851 267 893 Fide
288 860 502 908 susceptae,
526 853 621 892 Deo
641 851 801 908 placere
822 860 1010 907 possunt.

222 920 289 961 M.
320 922 467 976 Perge.

220 989 276 1028 A.
310 989 484 1029 Constat
511 1003 610 1044 ergo
640 987 777 1029 omnia
807 1003 931 1043 opera
952 1002 1214 1043 quaecunque
1241 987 1415 1028 facimus
1446 995 1558 1027 ante-

165 1071 290 1111 quam
312 1055 443 1097 renati
464 1055 644 1107 isumus,
669 1055 833 1112 Deique
857 1055 1014 1112 Spiritu
1045 1055 1245 1106 renovati,
1266 1070 1362 1111 quae
1390 1054 1557 1111 proprie

164 1133 304 1164 nostra
323 1123 403 1164 dici
433 1132 621 1179 possunt,
643 1123 789 1164 vitiosa
818 1139 915 1163 esse.
978 1122 1320 1178 Qualemcunque
1341 1122 1448 1162 enim
1471 1137 1559 1178 spe-

165 1191 267 1232 ciem
285 1191 512 1247 splendoris
528 1200 569 1232 et
585 1191 798 1248 dignitatis
819 1207 905 1248 prae
926 1207 967 1233 se
983 1192 1133 1242 ferant,
1151 1192 1447 1247 praebeantque
1463 1206 1559 1232 ocu-

164 1258 214 1299 lis
234 1259 446 1301 hominum
462 1277 473 1308 ;
497 1276 629 1316 quum
646 1276 667 1301 e
683 1276 812 1316 pravo
827 1271 1106 1316 corruptoque
1123 1259 1142 1288 k
1156 1259 1292 1311 corde,
1311 1259 1424 1315 quod
1442 1261 1559 1300 Deus

165 1327 343 1368 maxime
364 1338 534 1384 spectat,
552 1340 719 1369 manent
738 1337 779 1369 et
800 1328 1126 1384 proficiscantur,
1144 1343 1226 1369 non
1247 1328 1324 1368 nisi
1345 1327 1561 1382 inquinata

168 1395 527 1452 contaminataque
557 1412 657 1447 esse,
689 1406 730 1437 et
761 1397 902 1437 Deum
933 1395 1106 1452 proinde
1139 1395 1321 1452 graviter
1352 1394 1560 1436 offendere

167 1473 352 1520 possunt.
404 1465 662 1521 Hujusmodi
691 1464 819 1520 igitur
839 1480 965 1520 opera
986 1473 1034 1505 ut
1055 1464 1183 1505 malos
1203 1465 1380 1515 fructus,
1402 1462 1477 1504 lex
1498 1478 1562 1504 ar-

167 1532 267 1573 bore
288 1532 396 1573 mala
415 1533 560 1583 editos,
582 1541 825 1589 aspernatur
845 1534 977 1583 Deus,
1000 1540 1125 1588 atque
1146 1548 1171 1574 a
1192 1548 1232 1573 se
1252 1532 1395 1588 rejicit.

230 1601 293 1640 M.
326 1600 464 1641 Nullis
494 1617 592 1657 ergo
617 1601 825 1657 operibus,
848 1610 921 1642 aut
951 1600 1106 1641 meritis
1138 1602 1277 1642 Deum
1307 1606 1561 1641 antevertere

171 1683 405 1724 possumus,
423 1668 576 1724 quibus
596 1668 713 1709 illum
734 1668 788 1709 ad
809 1668 1151 1719 benevolentiam,
1168 1668 1563 1723 beneficentiamque

171 1735 327 1791 priores
347 1740 645 1792 provocemus?

231 1805 287 1844 A.
321 1804 459 1845 Nullis
489 1804 620 1860 plane.
683 1806 792 1845 Nam
818 1819 892 1846 nos
913 1805 1031 1845 Deus
1060 1819 1143 1844 non
1174 1803 1306 1844 solum
1327 1818 1459 1860 quum
1489 1802 1564 1843 ini-

174 1871 267 1911 mici
297 1871 386 1928 ejus
413 1888 607 1924 essemus,
632 1872 720 1913 mid
750 1882 824 1923 est,
847 1881 1093 1929 peccatores,
1116 1872 1187 1913 sed
1218 1880 1259 1912 et
1293 1881 1388 1912 ante
1417 1870 1563 1911 mundi

168 1939 282 1994 jacta
310 1941 582 1982 fundamenta
611 1941 653 1982 in
675 1941 842 1983 Christo
873 1941 1031 1992 dilexit,
1054 1952 1180 1998 atque
1212 1941 1349 1997 elegit.
1409 1942 1468 1981 Et
1498 1940 1564 1980 hic

175 2017 235 2048 est
255 2007 336 2059 ille,
355 2024 479 2064 quem
502 2009 603 2057 dixi,
619 2009 793 2065 justitiae
814 2018 964 2050 nostrae
984 2010 1077 2050 fons
1097 2018 1223 2064 atque
1244 2008 1370 2065 origo.

235 2077 298 2117 M.
344 2079 410 2118 De
440 2077 519 2119 illis
549 2093 645 2118 vero
675 2078 883 2134 operibus,
916 2093 1010 2133 quae
1046 2078 1135 2133 jam
1171 2077 1213 2118 in
1247 2077 1422 2133 gratiam
1452 2076 1565 2132 apud

178 2144 318 2184 Deum
364 2144 499 2200 positi,
548 2145 809 2201 Spiritusque
854 2144 955 2186 sacri
995 2144 1191 2185 instinctu
1234 2144 1421 2194 facimus,
1462 2143 1567 2199 quid

177 2226 315 2252 censes
329 2214 345 2252 ?

236 2282 292 2320 A.
325 2280 479 2321 Debita
508 2281 671 2336 pietatis
698 2280 843 2331 officia,
865 2297 960 2336 quae
981 2296 1030 2321 ex
1055 2280 1175 2330 Fide,
1198 2289 1218 2308 n
1232 2295 1307 2336 per
1327 2279 1567 2320 charitatem

179 2359 374 2403 operante
406 2349 737 2404 proficiscuntur,
771 2350 863 2390 Deo
893 2349 1061 2405 quidem
1102 2357 1221 2405 grata
1256 2356 1366 2397 sunt,
1397 2362 1480 2388 non
1511 2357 1570 2388 ta-

226 2504 238 2517 Ε
261 2499 356 2528 Rom.
372 2499 414 2529 vi.
435 2509 463 2536 1,
484 2508 515 2536 2,
531 2509 564 2538 3,
581 2508 612 2538 4.
700 2498 711 2519 f
732 2501 829 2531 Deut.
847 2501 889 2531 iv.
914 2511 940 2538 1,
961 2511 989 2532 2.
1014 2501 1070 2531 xii.
1087 2508 1139 2538 32.
1227 2506 1241 2525 g
1265 2499 1349 2528 Mar·
1366 2498 1419 2528 vii·
1437 2497 1469 2534 6,
1488 2504 1518 2537 7,
1535 2497 1569 2533 8,

183 2562 215 2593 9.
239 2560 338 2592 x.17‚
358 2563 405 2593 ¹9·
428 2554 525 2584 Joan.
542 2564 593 2585 xv.
612 2564 660 2584 10.
857 2554 870 2574 ¹¹
896 2555 991 2584 Rom.
1008 2552 1050 2581 ix.
1067 2559 1124 2589 31,
1140 2559 1194 2589 3²·
1217 2550 1282 2581 xiv.
1300 2559 1351 2589 23.
1376 2550 1459 2580 Heb.
1477 2549 1521 2579 xi.
1538 2548 1569 2580 6.

183 2605 413 2645 i21051n.'1ii.,«3‚
427 2616 459 2645 4,
475 2619 506 2646 5,
520 2607 549 2638 6.
575 2609 670 2639 Rom.
684 2608 728 2637 ix.
743 2617 795 2646 31,
808 2617 860 2646 32.
886 2608 1002 2646 Ephes.
1020 2606 1054 2635 ii.
1070 2614 1100 2643 3.
1128 2614 1139 2634 1
1157 2604 1224 2634 Pet.
1241 2604 1262 2634 i.
1280 2613 1332 2641 22,
1348 2613 1398 2642 23.
1443 2602 1458 2623 ¹<
1476 2603 1569 2633 Rom.

183 2660 251 2690 viii.
270 2668 301 2700 5,
320 2660 351 2698 6,
371 2668 399 2701 7.
428 2671 439 2691 1
461 2661 534 2691 Cor.
549 2662 570 2691 i.
592 2670 639 2701 ι9,
662 2671 712 2691 20.
737 2661 782 2691 iii.
804 2671 851 2701 19.
878 2670 894 2690 2
913 2661 987 2691 Cor.
1005 2659 1025 2688 i.
1046 2666 1094 2688 12.
1239 2657 1247 2677 ¹
1272 2658 1354 2688 Mat.
1370 2658 1425 2688 vii.
1448 2657 1498 2694 18,
1520 2665 1571 2696 19.

184 2714 242 2745 xii.
257 2724 311 2753 33,
329 2722 382 2754 35.
503 2720 525 2733 ¹¹¹
544 2715 638 2745 Rom.
655 2725 685 2745 v.
700 2714 735 2753 8,
754 2724 802 2745 10.
825 2714 869 2744 xi.
884 2722 936 2754 35.
966 2723 976 2743 1
995 2713 1092 2743 donn.
1108 2711 1150 2741 iv.
1166 2720 1199 2752 9,
1221 2721 1271 2749 10,
1293 2720 1340 2753 19.
1365 2712 1482 2752 Ephes.
1500 2711 1522 2742 i.
1538 2719 1570 2748 4.

187 2772 201 2786 “
225 2767 319 2798 Rom.
338 2768 393 2798 xii.
416 2777 441 2798 1.
466 2768 539 2798 Gal.
557 2778 586 2798 v.
599 2768 630 2799 6.
