1799 3077
427 112 664 155 NOELLI
697 112 1162 154 CATECHISMUS.
1404 117 1486 158 223

95 222 273 269 'SERVUS
293 240 423 279 TUUS,
444 240 532 268 NEc
554 239 744 267 ANCILLA
767 239 872 279 TUA,
893 239 1045 269 NEQUE
1067 239 1324 267 JUMENTUM
1344 241 1490 281 TUUM,

105 310 259 340 NEQUE
283 309 402 336 APUD
423 309 478 335 TE
505 308 680 335 DEGENS
712 307 1011 336 PEREGRJNUS.
1071 295 1183 335 ΝΛΜ
1215 308 1298 336 SEX
1329 308 1493 337 DIEBUS

105 365 127 394 h
145 378 362 406 PERFECIT
381 364 509 404 DEUs
533 376 698 403 COELUM
725 376 781 403 ET
809 376 1013 414 TERRAM,
1034 375 1090 402 ET
1120 376 1262 414 MARE,
1283 376 1339 403 ΕΤ
1359 377 1493 406 QUIC-

107 446 221 476 QUID
244 446 290 473 ΙΝ
322 446 433 472 ILLIS
466 444 768 472 CONTINETUR.
829 432 1029 472 SEPTIMo
1061 444 1264 473 QUIEVIT.
1324 431 1497 474 ITAQUE

108 515 225 542 DIEM
244 514 424 541 SABBATI
448 513 645 551 SACRUM,
668 512 845 542 SIBIQUE
868 512 1074 540 DICATUM
1096 512 1197 539 ESSE
1218 512 1401 541 VoLm'r.

166 570 230 609 M.
265 568 436 609 Sabbati
456 583 606 609 nomen
628 568 730 623 quid
752 567 983 623 significat?

169 638 222 679 A.
267 636 495 677 Sabbatum
526 635 559 677 si
590 635 885 692 interpreteris,
918 634 1125 691 irequiem
1159 634 1374 691 significat.
1434 637 1501 677 Eo

109 703 191 753 die,
213 712 261 744 ut
281 703 354 759 qui
384 702 438 744 ad
463 702 625 744 cultum
645 702 665 731 k
681 703 762 743 Dei
792 702 1051 743 solummodo
1081 703 1132 743 sit
1158 702 1387 754 institutus,
1409 719 1502 760 pro-

111 773 209 813 fana
238 771 404 828 negotia
432 770 571 811 omnia
590 786 615 811 a
634 770 712 826 piis
741 770 864 827 longe
897 771 1145 812 semovenda
1176 780 1287 822 sunt,
1309 787 1393 828 quo
1413 771 1504 813 reli-

111 840 238 897 gioni,
259 848 301 880 et
318 838 462 895 pietati
485 838 628 879 sedulo
648 853 792 879 vacare
813 846 980 893 queant.

170 909 235 948 M.
268 909 358 948 Cur
379 922 501 947 suum
522 906 640 947 nobis
660 906 898 962 exemplum
928 906 982 947 ad
1012 906 1260 948 imitandum
1289 907 1506 964 proposuit

115 974 323 1017 Dominus
337 977 353 1015 ?

174 1045 230 1084 A.
270 1042 395 1093 Quod
429 1041 551 1093 clara,
587 1049 713 1097 atque
744 1040 920 1082 illustria
949 1039 1163 1098 lexempla
1193 1042 1349 1083 animos
1379 1043 1509 1084 homi-

115 1126 218 1152 num
238 1110 372 1152 acrius
391 1110 570 1151 excitent
590 1118 716 1165 atque
736 1118 898 1150 acuant.
942 1110 1052 1150 Nam
1074 1119 1115 1150 et
1136 1111 1365 1151 Dominum
1388 1111 1507 1162 servi,

116 1187 159 1220 et
178 1178 249 1219 filii
279 1186 492 1234 parentem
522 1177 697 1219 libenter
726 1177 966 1225 imitantur3
1000 1186 1042 1218 et
1060 1177 1163 1218 nihil
1191 1178 1322 1234 magis
1351 1187 1412 1219 est
1441 1194 1511 1220 ex-

116 1246 358 1303 petendum,
380 1260 506 1301 quam
536 1253 584 1286 ut
613 1245 800 1286 homines
829 1245 882 1286 ad
914 1245 995 1287 Dei
1022 1246 1281 1302 mexemplar
1312 1254 1353 1287 et
1378 1246 1511 1288 imita-

119 1313 272 1354 tionem
293 1329 334 1354 se
354 1313 546 1354 forment.

179 1383 242 1422 M.
277 1381 461 1437 Septimo
481 1396 581 1437 ergo
602 1396 770 1437 quoque
790 1381 857 1422 die
876 1380 930 1422 ab
950 1380 1063 1422 omni
1082 1381 1201 1422 nobis
1221 1381 1360 1423 labore
1389 1381 1513 1423 absti-

121 1451 304 1491 nendum
325 1465 494 1506 prorsus
515 1465 600 1490 esse
621 1449 752 1490 dicis?

180 1518 235 1558 A.
268 1517 441 1574 Duplex
460 1525 521 1558 est
540 1517 668 1573 hujus
698 1516 896 1573 praecepti
922 1517 1053 1565 ratio;
1087 1526 1292 1573 quatenus
1312 1517 1419 1558 enim
1440 1533 1517 1558 cae-

124 1584 349 1625 remoniam
370 1585 670 1641 complectitur,
694 1593 905 1625 externam
938 1593 1099 1626 tantum
1122 1585 1302 1640 quietem
1334 1585 1515 1641 exigens,

125 1651 179 1692 ad
209 1653 238 1691 J
243 1652 383 1693 udaeos
413 1652 615 1708 nproprie
647 1652 871 1708 spectabat,
903 1667 977 1693 nec
1010 1662 1238 1709 perpetuae,
1270 1662 1518 1709 aeternaeque

125 1719 227 1775 legis
254 1719 338 1760 vim
368 1720 516 1761 habet:
551 1720 632 1761 Sed
656 1719 810 1762 Christi
832 1721 921 1776 jam
942 1722 1170 1770 ⁰adventu,
1194 1730 1241 1761 ut
1261 1730 1419 1762 caeterae
1439 1723 1469 1762 J
1475 1737 1519 1762 u-

127 1787 338 1828 daicarum
369 1788 705 1829 caeremoniarum
737 1788 896 1829 umbrae
928 1789 1138 1845 abrogatae
1169 1798 1279 1839 sunt,
1309 1789 1367 1830 ita
1396 1797 1437 1830 et
1468 1789 1520 1831 de

128 1855 206 1896 ista
225 1855 316 1911 lege
336 1871 387 1896 ex
408 1855 486 1896 hac
505 1865 623 1911 parte
644 1865 704 1897 est
725 1856 984 1912 derogatum.

188 1924 253 1964 M.
296 1923 406 1973 Quid
438 1938 538 1979 ergo
567 1932 718 1979 praeter
750 1923 1034 1965 caeremoniam
1068 1923 1233 1964 subesse
1268 1934 1405 1980 putas,
1436 1939 1521 1980 quo

128 2000 331 2048 perpetuo
351 1991 660 2048 astringamur?

190 2059 246 2098 A.
280 2059 387 2098 Tres
416 2057 470 2098 ob
500 2073 642 2098 causas
672 2057 761 2098 haec
793 2058 859 2099 lex
893 2067 953 2099 est
987 2058 1199 2105 instituta3
1233 2067 1280 2099 ut
1308 2058 1522 2115 disciplina

133 2135 153 2163 P
168 2124 468 2176 Ecclesiastica,
491 2134 532 2166 et
558 2125 740 2182 Reipub.
765 2126 1010 2167 Christianae
1041 2135 1171 2167 status
1200 2126 1348 2182 aliquis
1377 2126 1523 2167 consti-

134 2200 290 2242 tuatur,
312 2201 436 2248 atque
461 2193 710 2242 retineatur;
744 2202 792 2235 ut
823 2209 1034 2234 servorum
1054 2193 1326 2244 qeonditioni,
1349 2209 1433 2249 quo
1462 2203 1524 2235 to-

132 2259 311 2300 lerabilis
341 2275 388 2301 ea
416 2260 503 2310 fiat,
525 2261 816 2317 provideatur3
851 2271 892 2303 et
922 2270 969 2302 ut
996 2261 1218 2317 spiritualis
1246 2261 1355 2302 illius
1375 2261 1525 2318 quietis

134 2328 268 2368 forma
288 2336 438 2384 ratque
459 2328 595 2384 figura
615 2329 806 2384 quaedam
829 2329 1098 2385 exprimatur.

181 2425 197 2446 ¹¹
220 2427 301 2456 Gen.
318 2426 351 2456 ii.
373 2437 402 2464 1,
420 2436 450 2465 2,
463 2437 494 2466 3.
520 2428 603 2458 Heb.
620 2428 662 2459 iv.
679 2438 712 2467 3,
730 2438 778 2459 10.
962 2428 968 2448 ⁵
992 2429 1097 2459 Exod.
1113 2428 1178 2459 xvi.
1197 2438 1247 2467 23.
1271 2429 1375 2460 Levit.
1393 2429 1458 2460 xvi.
1473 2439 1526 2468 3¹·

140 2478 155 2499 ¹<
172 2480 239 2510 der.
258 2480 335 2510 xvii.
353 2489 406 2517 21,
423 2489 476 2518 24,
493 2488 543 2518 27.
566 2482 680 2512 Ezech.
698 2482 777 2513 xlvi.
793 2490 824 2520 3.
849 2483 951 2512 Marc.
968 2482 1009 2512 vi.
1025 2491 1054 2512 2.
1078 2483 1157 2513 Luc.
1174 2483 1266 2513 xxiii.
1283 2483 1335 2523 56.
1422 2482 1430 2503 ¹
1451 2484 1526 2513 doh.

138 2534 207 2564 xiii.
225 2543 275 2573 13,
296 2544 345 2573 15.
374 2545 384 2564 1
407 2536 481 2565 Cor.
497 2535 538 2565 iv.
556 2534 604 2565 16.
620 2541 653 2566 et
667 2536 710 2566 xi.
729 2546 755 2566 1.
879 2542 902 2555 ¹¹¹
927 2536 1010 2566 Heb.
1028 2537 1070 2566 iv.
1087 2547 1121 2575 3,
1139 2545 1172 2575 4,
1190 2547 1237 2567 10.
1252 2542 1284 2568 et
1300 2537 1356 2567 xii.
1372 2547 1401 2568 2.
1431 2548 1440 2567 1
1461 2538 1528 2568 Pet.

139 2587 172 2617 ii.
187 2596 239 2618 21.
325 2593 340 2607 ¹¹
360 2598 372 2618 1
393 2588 468 2618 Cor.
486 2597 518 2617 x.
538 2598 562 2618 1.
590 2589 661 2619 Gal.
679 2589 721 2619 iv.
739 2598 769 2626 2,
785 2598 819 2628 3,
834 2598 867 2626 4,
886 2599 937 2627 10,
955 2594 987 2619 et
1006 2599 1054 2619 12.
1079 2590 1148 2620 Col.
1166 2590 1199 2620 ii.
1221 2589 1272 2628 16,
1289 2598 1338 2630 17.
1363 2591 1445 2621 Heb.
1460 2591 1527 2622 viii.

141 2650 171 2682 5.
188 2647 220 2672 et
236 2652 268 2672 x.
285 2652 312 2674 1.
408 2650 421 2661 ⁰
443 2652 453 2672 1
475 2643 549 2674 Cor.
565 2643 609 2674 iii.
627 2653 675 2683 14.
700 2644 770 2675 Col.
786 2644 821 2675 ii.
837 2643 885 2675 16.
909 2645 993 2675 Heb.
1010 2655 1042 2675 x.
1060 2655 1088 2676 1.
1199 2653 1214 2673 Ρ
1237 2647 1321 2678 Mar.
1339 2647 1360 2677 i.
1376 2656 1424 2677 21.
1450 2647 1528 2678 Acts

141 2695 211 2724 xiii.
229 2704 277 2733 14.
291 2700 324 2727 et
339 2706 392 2726 xv.
411 2705 462 2726 21.
717 2704 731 2722 ‘¹
755 2698 860 2728 Exod.
876 2697 942 2728 xxi.
963 2707 990 2728 2.
1014 2698 1112 2730 Dent.
1129 2709 1158 2729 v.
1180 2708 1228 2737 14.
1252 2700 1324 2730 Gal.
1340 2699 1386 2730 iii.
1406 2700 1458 2737 26,
1476 2700 1526 2729 28.

144 2754 154 2766 ¹
172 2748 257 2779 Esai.
275 2749 355 2779 lviii.
372 2759 418 2787 ¹3·
444 2750 536 2780 Rom.
554 2749 622 2779 xiii.
641 2759 687 2781 12.
714 2751 795 2780 Hel).
813 2750 855 2780 iv.
871 2760 903 2789 9,
923 2760 969 2780 10.
