1799 3077
460 343 1109 411 PRAEFATIO

752 517 811 548 ET

325 653 380 714 Ρ
408 654 473 715 R
501 654 562 716 Ο
591 653 648 715 Τ
678 653 740 715 E
772 653 812 715 S
840 653 898 715 Τ
928 654 998 715 Α
1025 655 1083 716 T
1115 654 1148 715 Ι
1175 654 1235 716 O

439 836 755 881 NlcoLAI
800 835 1119 890 RIDLEII,

131 1014 318 1046 HABITA
343 1015 537 1047 Arruns
564 1010 640 1055 20,
667 1015 719 1045 IN
747 1013 951 1045 scfloms
978 1014 1205 1045 PUBLICIS
1229 1014 1426 1053 oxoun,

625 1096 759 1127 ANNO
792 1089 931 1128 1555.

634 1225 920 1258 ...φ-

82 1318 332 1387 ACCEPI
362 1361 387 1386 a
416 1346 545 1396 vobis,
577 1345 822 1387 ornatissimi
853 1345 944 1396 viri,
976 1345 1141 1386 domine
1173 1344 1464 1402 Proloquutor‚

79 1422 120 1454 et
141 1429 213 1454 vos
233 1413 309 1454 viri
331 1414 596 1465 venerabiles,
619 1414 774 1455 domini
797 1413 1074 1456 Commissarii
1102 1412 1353 1453 celsitudinis
1382 1414 1465 1454 Re-

77 1481 200 1538 ginae,
227 1491 268 1523 et
298 1482 487 1533 aliorum,
521 1483 721 1539 superiori
751 1483 818 1523 die
849 1482 944 1523 treis
973 1480 1282 1537 propositiones,
1312 1481 1464 1536 quibus

71 1549 251 1605 jussistis
270 1566 350 1601 me,
372 1560 415 1592 vt
437 1550 479 1591 in
500 1550 611 1592 hunc
632 1551 740 1592 diem
765 1565 952 1607 pararem
980 1548 1082 1605 quid
1110 1548 1188 1589 illis
1215 1549 1462 1605 responden-

76 1618 179 1659 dum
227 1634 443 1659 censerem.
505 1620 601 1675 Ego
648 1634 746 1660 vero
795 1634 890 1660 cum
939 1632 1100 1658 mecum
1148 1616 1459 1667 considerarem,

76 1695 233 1742 quanta
264 1702 364 1727 cura
394 1686 531 1743 gregis
563 1687 770 1727 Dominici
806 1686 907 1727 mihi
936 1701 1069 1741 nuper
1098 1684 1311 1726 commissa
1341 1694 1458 1734 esset,

75 1770 151 1811 pro
171 1755 290 1810 cujus
310 1754 661 1796 administratione
681 1755 778 1796 olim
802 1754 947 1810 (idque
976 1768 1103 1809 quam
1130 1752 1211 1793 cito
1241 1754 1358 1793 Deus
1388 1767 1459 1792 no-

74 1822 152 1878 vit)
174 1823 373 1864 rationem
401 1823 585 1864 Domino
611 1838 703 1864 meo
730 1838 820 1863 sum
846 1822 1097 1871 redditurus,
1119 1820 1316 1876 quodque
1344 1819 1457 1861 Petri

74 1890 267 1946 Apostoli
287 1900 495 1947 praecepto
514 1899 683 1947 paratus
705 1905 864 1946 semper
890 1905 976 1930 esse
1003 1889 1189 1938 debeam,
1211 1888 1265 1929 ad
1292 1902 1456 1944 respon-

72 1957 257 2000 dendum
291 1959 473 2010 cuilibet,
504 1967 550 2000 vt
585 1958 730 2015 loquar
763 1958 814 1999 de
846 1973 893 1999 ea
926 1973 1021 2013 quae
1055 1957 1097 1997 in
1128 1955 1246 1996 nobis
1275 1964 1336 1996 est
1368 1970 1452 2011 spe,

71 2042 166 2068 cum
201 2028 517 2068 mansuetudine
551 2036 592 2068 et
626 2026 874 2068 reverentia:
920 2025 994 2067 Ad
1025 2025 1113 2066 haec
1145 2024 1245 2080 quid
1281 2023 1449 2064 debeam

71 2094 267 2136 Ecclesiae
297 2095 467 2145 Christi,
493 2094 678 2150 quidque
698 2094 827 2145 vobis,
848 2093 919 2149 qui
949 2092 1043 2134 estis
1069 2090 1330 2133 commissarii
1356 2105 1451 2131 cum

68 2162 318 2204 authoritate
357 2163 537 2218 publica,
571 2162 696 2203 statui
732 2161 933 2202 mandatis
971 2159 1115 2200 vestris
1153 2159 1448 2213 obtemperare,

69 2237 109 2269 et
139 2229 275 2285 palam
296 2230 411 2271 vobis
440 2230 683 2286 patefacere,
705 2228 808 2286 quid
838 2229 890 2268 de
918 2225 1136 2283 propositis
1166 2223 1449 2280 propositioni-

67 2296 146 2338 bus
167 2298 349 2339 sentiam.
400 2298 458 2338 Et
482 2312 736 2353 quanquam,
759 2305 806 2337 ut
831 2295 1010 2351 ingenue
1029 2292 1145 2334 vobis
1171 2291 1284 2347 quod
1306 2306 1447 2331 verum

67 2374 128 2406 est
147 2365 292 2417 fatear,
314 2365 431 2407 aliter
451 2365 549 2407 olim
575 2374 702 2421 atque
728 2379 839 2405 nunc
869 2363 921 2403 de
950 2361 1028 2402 illis
1057 2360 1194 2409 rebus,
1214 2358 1266 2399 de
1296 2358 1447 2413 quibus

67 2447 132 2473 me
163 2432 456 2489 interrogastis,
489 2433 616 2480 sensi;
650 2430 915 2473 nihilominus
950 2430 1088 2469 Deum
1123 2435 1266 2467 testem
1301 2424 1445 2465 invoco

67 2500 109 2541 in
143 2501 320 2542 animam
356 2516 503 2551 meam,
537 2516 619 2541 non
651 2500 852 2546 menum-3
886 2497 1013 2553 quod,
1049 2505 1097 2536 ut
1128 2503 1329 2534 mutarem
1361 2493 1445 2533 ani-

65 2583 195 2619 mum,
216 2569 341 2625 inque
361 2568 466 2609 hanc
486 2568 528 2608 in
548 2583 632 2623 qua
657 2583 768 2608 nunc
795 2581 900 2615 sum,
923 2563 1156 2605 devenirem
1186 2560 1441 2612 sententiam,

65 2636 203 2678 nullus
230 2652 295 2677 me
321 2636 454 2692 coegit.
482 2644 555 2676 aut
584 2634 724 2690 legum
754 2634 1044 2681 humanarum,
1065 2638 1136 2671 aut
1166 2628 1441 2685 periculorum

63 2705 190 2762 hujus
209 2705 355 2746 mundi
375 2712 522 2754 metuS,
545 2711 618 2744 aut
645 2702 730 2744 ulla
759 2715 850 2758 spes
870 2699 933 2742 vel
963 2698 1192 2754 expectatio
1221 2696 1440 2738 mundanae
