1799 3077
525 113 752 155 JUELLI
787 113 1123 154 APOLOGIA.
1432 119 1511 159 135

121 227 230 277 dem,
261 228 570 284 Carpocratem,
600 226 862 277 Cerinthum‚
892 226 1110 277 Ebionem,
1134 225 1412 278 Valentinum,
1443 231 1512 271 Se-

120 296 320 348 cundum,
361 296 632 347 Marcosium,
671 294 972 346 Colorbasium,
1009 294 1325 344 Heracleonem,
1364 297 1512 338 Lucia-

120 380 237 415 num,
272 366 501 405 Severum?
537 365 597 405 Et
628 363 730 420 quid
766 363 863 404 istos
895 365 1293 404 commemoramus?
1330 364 1514 419 Epipha-

120 434 214 474 nius
234 442 424 474 numerat
444 433 667 489 octoginta,
690 432 952 488 Augustinus
981 431 1121 487 plures
1148 430 1271 471 etiam
1302 431 1512 474 distinctas

120 501 309 550 haereses,
340 516 436 556 quae
468 516 550 541 una
579 500 782 542 creverint
812 515 905 540 cum
938 498 1180 555 Evangelio.
1243 498 1354 549 Quid
1384 502 1512 554 ergo?

121 570 193 610 An
226 569 517 625 Evangelium,
544 570 658 624 quod
690 583 773 609 una
802 583 895 609 cum
928 567 997 607 illo
1026 567 1202 608 haereses
1234 575 1512 617 nascerentur,

119 652 201 678 non
238 647 325 678 erat
359 637 666 693 Evangelium?
707 646 781 677 aut
822 635 1014 677 Christus
1053 651 1101 676 ea
1140 651 1265 676 causa
1304 650 1385 675 non
1426 644 1513 676 erat

124 704 347 746 Christus?

177 773 327 828 Neque
348 781 483 813 tamen
505 771 618 828 apud
646 786 733 821 nos,
756 771 816 812 uti
847 771 1043 821 diximus,
1065 770 1245 827 pullulat
1274 770 1352 812 ista
1382 786 1510 826 seges,

118 840 192 896 qui
212 840 376 896 publice
403 849 445 881 et
471 839 598 880 libere
628 839 825 880 docemus
856 839 1146 894 Evangelium.
1209 838 1337 895 Apud
1367 838 1511 879 adver-

118 908 243 950 sarios
264 917 438 959 nostros,
458 907 502 948 in
522 907 704 948 caecitate
724 922 770 948 ac
791 906 969 947 tenebris
990 906 1078 947 istae
1099 915 1234 962 pestes
1250 906 1510 958 exoriuntur,

117 986 158 1016 et
177 975 428 1016 incrementa
452 991 498 1016 ac
518 975 624 1016 vires
654 974 838 1030 capiunt,
861 974 933 1015 ubi
954 973 1104 1014 veritas
1135 972 1370 1030 tyrannide,
1394 973 1510 1014 saevi-

118 1044 257 1100 tiaque
286 1043 549 1100 opprimitur,
572 1058 645 1084 nec
675 1042 752 1083 nisi
781 1042 824 1083 in
854 1042 1017 1098 angulis
1048 1051 1089 1083 et
1119 1040 1290 1082 occultis
1320 1056 1511 1097 congres-

118 1112 300 1154 sionibus
321 1111 455 1153 audiri
475 1120 620 1168 potest.
683 1111 856 1152 Faciant
881 1126 977 1151 sane
1004 1109 1256 1166 periculum3
1291 1109 1391 1150 dent
1421 1125 1512 1150 cur-

118 1195 209 1220 sum
231 1179 406 1221 liberum
426 1179 681 1236 Evangelio;
714 1179 849 1220 luceat
870 1178 1020 1219 veritas
1048 1179 1077 1218 J
1082 1193 1155 1218 esu
1184 1176 1354 1227 Christi,
1378 1186 1418 1217 et
1448 1193 1511 1217 ra-

117 1248 207 1289 dios
236 1249 278 1289 in
308 1264 449 1290 omnes
478 1258 616 1305 partes
645 1247 844 1304 porrigat,
869 1247 1005 1288 statim
1026 1246 1243 1295 videbunt,
1267 1255 1314 1286 ut
1345 1254 1511 1285 noctur-

117 1332 211 1358 nam
233 1317 447 1373 caliginem
468 1317 521 1358 ad
542 1325 753 1373 aspectum
775 1315 882 1366 solis,
905 1316 962 1356 ita
982 1315 1079 1356 istas
1099 1315 1268 1355 umbras
1295 1313 1348 1354 ad
1376 1313 1509 1353 lucem

117 1385 335 1442 Evangelii
356 1386 546 1443 protinus
566 1384 788 1426 evanuisse.
842 1385 951 1425 Nam
972 1399 1046 1424 nos
1066 1383 1234 1439 quidem
1257 1398 1397 1423 omnes
1417 1381 1507 1422 illas

116 1453 304 1505 haereses,
327 1470 430 1510 quas
450 1454 516 1495 isti
539 1469 612 1494 nos
633 1452 755 1503 alere,
777 1462 818 1494 et
838 1453 977 1493 fovere
998 1450 1317 1500 calumniantur,
1340 1449 1419 1490 illis
1448 1448 1509 1489 in—

118 1524 236 1565 terim
258 1525 495 1566 sedentibus
515 1533 640 1580 atque
660 1523 775 1564 aliud
802 1522 1034 1579 agentibus,
1056 1521 1242 1578 quotidie
1272 1520 1509 1577 repellimus

118 1601 159 1633 et
180 1593 483 1649 propulsamus.

175 1661 298 1710 Quod
328 1670 467 1702 autem
498 1660 642 1702 dicunt
672 1675 746 1700 nos
775 1659 817 1699 in
840 1658 970 1699 varias
1001 1666 1129 1699 sectas
1159 1656 1319 1707 abiisse,
1342 1665 1382 1697 et
1403 1656 1507 1697 velle

114 1728 215 1770 alios
244 1729 520 1780 Lutheranos,
541 1728 640 1769 alios
671 1726 942 1783 Zuinglianos
972 1725 1184 1782 appellari,
1205 1740 1340 1780 neque
1371 1724 1508 1764 adhuc

115 1797 298 1854 potuisse
318 1798 413 1839 satis
432 1798 538 1838 inter
558 1812 632 1837 nos
653 1796 762 1852 ipsos
782 1795 834 1836 de
859 1809 1020 1835 summa
1047 1792 1245 1834 doctrinae
1274 1791 1506 1842 convenire,

117 1866 229 1917 Quid
258 1866 317 1906 illi
344 1865 543 1907 dixissent
570 1865 602 1905 si
632 1864 775 1921 primis
804 1863 884 1904 illis
914 1861 1170 1918 temporibus
1190 1860 1506 1916 Apostolorum,

115 1944 156 1975 et
187 1944 421 1976 sanctorum
457 1936 631 1976 Patrum
668 1932 926 1974 extitissent?
957 1945 1052 1971 cum
1084 1929 1188 1971 alius
1224 1928 1389 1979 diceret,
1413 1930 1509 1984 Ego

117 2019 206 2044 sum
255 2003 401 2051 Pau]i;
454 2003 573 2053 alius,
616 2003 713 2058 Ego
754 2015 842 2041 sum
887 1999 1069 2055 Cephae3
1117 1997 1235 2047 alius,
1278 1997 1375 2052 Ego
1415 2011 1507 2036 sum

117 2073 298 2128 Apollo;
332 2088 427 2114 cum
449 2072 607 2114 Paulus
630 2073 802 2113 Petrum
824 2067 1166 2125 reprehenderet3
1201 2080 1293 2106 cum
1324 2063 1505 2104 simulta-

117 2140 167 2182 tis
188 2157 311 2182 causa
332 2142 544 2182 Barnabas
564 2156 589 2181 a
610 2139 743 2181 Paulo
763 2137 989 2179 discederet
1007 2153 1017 2187 3
1060 2150 1169 2184 cum,
1192 2142 1240 2174 ut
1269 2140 1413 2174 auctor
1443 2140 1505 2172 est

117 2210 331 2266 Origenes,
355 2210 577 2252 Christiani
597 2209 638 2250 in
661 2217 723 2249 tot
737 2208 825 2264 jam
853 2205 1050 2246 factiones
1076 2201 1259 2244 distracti
1287 2207 1434 2248 essent,
1458 2209 1506 2240 ut

116 2293 264 2319 nomen
295 2287 456 2319 tantum
481 2277 809 2320 Christianorum
840 2288 1070 2322 commune,
1093 2270 1206 2311 aliud
1236 2278 1373 2309 autem
1402 2282 1507 2323 prae-

116 2355 228 2387 terea
246 2347 346 2387 nihil
370 2346 700 2388 Christianorum
722 2343 850 2385 simile
877 2341 1123 2386 retinerent,
1158 2347 1288 2393 utque
1321 2338 1506 2376 Socrates

115 2414 186 2465 ait,
224 2414 522 2455 dissensionum
557 2422 598 2454 et
634 2423 837 2454 sectarum
867 2424 989 2450 causa
1018 2408 1061 2447 in
1090 2405 1260 2447 theatris
1290 2420 1314 2444 a
1343 2403 1503 2460 populo

117 2482 282 2539 publice
302 2481 559 2528 riderentur3
593 2495 786 2535 cumque,
807 2489 853 2518 ut
869 2477 925 2518 ait
943 2478 1175 2531 Imperator
1192 2471 1504 2522 Constantinus,

117 2559 179 2591 tot
199 2559 332 2591 essent
353 2549 620 2590 dissensiones
647 2556 688 2588 et
717 2547 818 2587 rixae
849 2545 891 2585 in
921 2542 1120 2592 Ecclesia,
1143 2550 1190 2582 ut
1220 2556 1268 2581 ea
1297 2539 1505 2581 calamitas

118 2618 248 2659 videri
279 2618 406 2674 possit
435 2632 599 2658 omnem
630 2615 750 2656 aliam
782 2612 1033 2669 superiorem
1064 2609 1336 2651 calamitatem
1367 2622 1507 2663 super-

118 2702 232 2733 asse;
270 2701 365 2727 cum
397 2684 672 2740 Theophilus,
696 2680 974 2738 Epiphanius,
999 2678 1335 2735 Chrysostomus,
1356 2677 1506 2730 Augu-

119 2754 262 2803 stinus,
288 2753 497 2803 Ruffinus,
521 2752 822 2807 Hieronymus,
843 2763 983 2788 omnes
1006 2743 1245 2795 Christiani,
1266 2757 1406 2784 omnes
1428 2742 1505 2781 Pa-

777 2832 801 2857 K
826 2818 851 2856 4
