1799 3077
450 137 681 179 NOELLI
713 139 1181 181 CATECHISMUS.
1425 146 1509 186 305

117 249 319 300 fidelium,
348 250 501 306 quibus
534 251 623 292 haec
658 251 852 307 precandi
884 251 1076 302 formula,
1108 268 1234 308 quam
1268 264 1509 309 sequantur,

117 326 178 358 est
199 318 436 369 constituta,
459 327 500 360 et
519 334 544 359 a
563 329 688 374 portu
718 327 844 375 atque
873 319 1066 375 perfugio
1099 319 1241 361 salutis
1266 335 1351 361 sese
1374 323 1511 363 exclu-

118 385 240 427 dunt.
287 388 383 428 Hoc
404 395 464 427 est
484 387 593 428 enim
615 387 729 443 quod
749 396 769 425 y
784 388 976 429 Christus
996 388 1109 439 dicit,
1133 404 1174 430 se
1194 404 1277 429 non
1296 398 1343 429 ut
1358 389 1509 444 justos,

117 453 188 494 sed
218 462 450 509 peccatores
480 453 534 494 ad
564 448 849 510 poenitentiam
878 464 1056 505 vocaret,
1089 454 1132 495 in
1162 454 1275 496 hunc
1303 456 1509 496 mundum

117 519 285 561 venisse.

175 589 242 629 M.
274 589 526 630 Gratuitone
547 590 686 630 Deum
709 589 886 646 peccatis
905 589 1054 631 nostris
1074 589 1283 646 ignoscere
1304 590 1479 630 statuis?

174 657 230 696 A.
275 666 293 685 z
309 657 502 698 Omnino.
563 657 737 714 Alioqui
768 673 850 699 non
889 658 1084 707 remissio,
1122 658 1193 699 sed
1231 658 1509 714 compensatio

116 724 310 779 quaedam
331 724 460 765 videri
491 735 656 782 posset;
690 726 742 766 ad
774 726 1124 782 compensandum
1157 742 1254 767 vero
1282 741 1413 766 unum
1444 726 1508 767 vel

116 790 333 832 minimum
354 792 515 843 vitium,
537 793 734 834 facultate
756 793 840 834 ulla
861 803 997 834 nostra
1027 794 1211 835 sufficere
1240 793 1356 834 nullo
1384 793 1509 835 modo

116 874 349 914 possumus.
408 862 536 901 aNon
567 877 664 917 ergo
700 861 950 917 praeteritam
987 862 1151 918 culpam
1186 862 1354 918 pariter,
1383 871 1508 917 atque

117 926 199 966 Dei
223 942 365 982 pacem
388 928 582 983 operibus
602 929 764 979 nostris,
787 929 904 985 quasi
935 929 1067 985 pretio
1087 929 1269 985 quodam
1291 929 1505 980 redimere,

115 1005 158 1036 et
183 996 298 1051 paria
327 996 511 1052 paribus,
534 996 648 1052 quod
669 997 800 1047 aiunt,
822 997 975 1038 referre
1004 1013 1247 1054 possumus;
1282 998 1353 1038 sed
1383 997 1506 1038 errati

116 1063 270 1119 pariter
290 1073 415 1120 atque
437 1064 626 1120 supplicii
646 1064 667 1093 b
681 1065 840 1105 veniam
862 1081 887 1106 a
907 1066 999 1106 Deo
1026 1081 1099 1121 per
1129 1065 1261 1106 solum
1291 1065 1504 1106 Christum
1546 1089 1549 1092 -

116 1131 414 1187 impetrabilem
455 1132 647 1188 precibus
676 1132 869 1174 omnibus
898 1142 1051 1190 petere,
1085 1144 1210 1189 atque
1243 1142 1290 1174 ut
1322 1133 1506 1189 ignoscat

117 1200 357 1256 suppliciter
375 1201 584 1257 postulare
604 1201 814 1243 debemus.

177 1270 239 1309 M.
272 1270 428 1310 Verum
458 1269 549 1320 ista,
571 1278 696 1326 atque
717 1286 765 1311 ea
785 1286 880 1326 quae
910 1285 1007 1311 mox
1038 1270 1156 1312 nobis
1187 1270 1383 1312 statuitur
1412 1287 1506 1312 con-

114 1335 230 1387 ditio,
254 1336 323 1377 vix
353 1346 449 1393 apte
480 1338 575 1378 satis
608 1338 715 1379 inter
745 1354 785 1379 se
815 1338 1019 1379 cohaerere
1049 1338 1255 1379 videntur.
1318 1339 1506 1380 Petimus

115 1404 238 1455 enim,
262 1413 310 1445 ut
330 1406 448 1446 Deus
467 1405 525 1446 ita
543 1405 662 1446 nobis
682 1405 880 1462 ignoscat,
903 1415 951 1446 ut
971 1421 1044 1446 nos
1070 1406 1327 1447 debitoribus
1357 1407 1506 1448 nostris

114 1471 411 1514 condonamus.

171 1541 227 1580 A.
259 1540 547 1596 cAEquissima
576 1541 744 1597 quidem
775 1541 1008 1582 conditione
1038 1541 1199 1583 veniam
1233 1542 1352 1583 nobis
1387 1543 1504 1584 Deus

114 1607 256 1655 offert3
289 1624 386 1664 quae
407 1617 558 1659 tamen,
581 1608 623 1649 in
644 1623 731 1649 eam
754 1618 913 1665 partem
935 1609 1172 1665 accipienda
1191 1625 1274 1650 non
1295 1619 1370 1660 est,
1387 1610 1504 1666 quasi

114 1674 352 1716 hominibus
371 1676 634 1732 ignoscendo,
652 1676 812 1717 veniam
834 1677 892 1717 ita
910 1692 1233 1733 promereamur,
1250 1686 1298 1719 ut
1319 1693 1366 1719 ea
1386 1677 1504 1733 quasi

114 1744 248 1799 gratia
267 1744 460 1800 quaedam
482 1745 600 1786 nobis
620 1760 645 1786 a
664 1746 757 1786 Deo
773 1745 987 1786 referatur.
1033 1745 1052 1774 d
1068 1745 1265 1787 Gratuita
1283 1746 1392 1787 enim
1414 1755 1503 1787 tum

115 1811 270 1853 Divina
289 1812 471 1853 remissio
491 1828 573 1854 non
590 1814 710 1864 foret,
728 1829 863 1869 neque
883 1813 992 1854 solus
1010 1813 1215 1864 Christus,
1234 1814 1352 1855 sicuti
1370 1815 1505 1870 Scrip-

112 1891 219 1920 turae
240 1880 402 1930 docent,
426 1890 466 1922 et
497 1897 570 1922 nos
601 1891 696 1923 ante
725 1881 1013 1937 explicuimus,
1036 1882 1193 1937 peccati
1222 1897 1367 1938 poenas
1386 1882 1504 1922 nobis

113 1946 286 1998 debitas,
308 1948 350 1988 in
371 1964 491 1990 cruce
510 1949 780 2005 persolvisset.
843 1950 1013 1999 Verum,
1037 1949 1112 1989 nisi
1141 1949 1210 1990 alii
1239 1965 1314 1990 nos
1342 1950 1396 1990 ad
1428 1949 1503 1990 sibi

113 2015 432 2057 condonandum
455 2017 593 2057 faciles
623 2017 817 2067 habeant,
839 2025 965 2072 atque
984 2016 1042 2057 ita
1062 2016 1319 2057 clementiam
1340 2027 1381 2058 et
1405 2017 1504 2058 leni-

114 2091 240 2123 tatem
261 2083 343 2125 Dei
363 2080 491 2141 patris
510 2093 527 2113 e
540 2085 755 2136 imitando,
777 2084 867 2140 ejus
897 2099 971 2125 nos
992 2084 1098 2125 filios>
1116 2099 1201 2125 esse
1222 2085 1500 2135 ostendamus,

112 2150 219 2192 clare
240 2151 470 2203 denuntiat,
492 2162 540 2194 ut
559 2152 661 2193 nihil
682 2169 707 2194 a
726 2169 768 2194 se
788 2152 916 2202 aliud,
938 2167 1063 2208 quam
1086 2167 1288 2193 summam
1320 2153 1503 2194 animad-

112 2218 308 2260 versionis
335 2220 593 2261 severitatem
614 2229 889 2278 expectemus.
952 2221 1147 2261 Nostram
1168 2235 1267 2276 ergo
1296 2219 1505 2276 placabili-

113 2295 254 2338 tatem,
276 2302 360 2328 non
388 2296 434 2328 ut
463 2304 627 2329 causam
657 2288 941 2345 promerendae
961 2303 986 2329 a
1007 2289 1101 2329 Deo
1121 2288 1251 2330 veniae
1271 2287 1502 2344 proposuit,

114 2354 185 2395 sed
216 2363 263 2395 ut
293 2355 457 2411 pignori
486 2356 607 2407 foret,
629 2356 683 2397 ad
713 2357 871 2398 animos
900 2365 1062 2397 nostros
1091 2364 1201 2397 certa
1230 2354 1395 2396 Divinae
1425 2355 1503 2396 cle-

113 2421 277 2463 mentiae
298 2422 451 2464 fiducia
471 2423 784 2464 confirmandos.

172 2490 235 2530 M.
268 2491 475 2532 Nullusne
495 2507 594 2547 ergo
614 2491 743 2532 veniae
774 2491 888 2532 locus
917 2491 1029 2547 apud
1062 2491 1201 2531 Deum
1232 2490 1280 2531 iis
1309 2490 1503 2546 relinqui-

156 2632 169 2651 ‚v
188 2627 269 2656 Mat.
286 2626 331 2655 ix.
352 2635 399 2664 13.
425 2626 504 2655 Luc.
523 2635 552 2654 v.
569 2635 624 2664 31,
642 2635 694 2663 3²-
722 2636 773 2656 xv.
791 2632 819 2665 7.
849 2635 859 2655 1
879 2625 966 2654 Tim.
984 2624 1005 2653 ἱ.
1026 2632 1074 2663 15.
1174 2630 1185 2643 ‘⁶
1201 2624 1295 2654 Rom.
1312 2624 1359 2654 iii.
1380 2632 1432 2661 24,
1452 2623 1501 2663 25.

113 2679 158 2709 xi.
176 2687 208 2718 5,
226 2678 257 2710 6.
332 2687 335 2690 ·
361 2684 373 2697 ’“
392 2688 408 2709 2
426 2679 513 2709 Tim.
527 2679 548 2708 i.
565 2688 598 2720 9,
621 2688 667 2709 10.
690 2679 759 2709 Tit.
776 2678 821 2708 iii.
839 2685 868 2716 5.
979 2677 994 2696 b
1011 2677 1094 2707 Psal.
1108 2677 1210 2707 xxxii.
1228 2684 1260 2716 5,
1278 2675 1307 2707 6.
1335 2687 1346 2707 1
1365 2679 1461 2707 Joan.
1480 2678 1501 2706 i.

113 2741 144 2771 9.
161 2733 193 2762 ii.
213 2742 239 2762 1.
342 2739 354 2752 r
372 2733 452 2763 Mat.
470 2732 560 2763 xviii.
574 2742 630 2771 32,
646 2742 699 2771 33.
724 2733 803 2763 Luc.
821 2732 862 2762 vi.
880 2730 935 2770 36,
950 2739 1004 2770 37,
1019 2731 1072 2769 38.
1171 2730 1185 2750 ¹¹
1201 2732 1294 2761 Rom.
1314 2731 1359 2761 iii.
1379 2740 1431 2768 24,
1450 2740 1499 2770 25,

116 2784 159 2815 xi.
176 2794 208 2824 5,
225 2785 255 2816 6.
279 2787 349 2816 Gal.
368 2796 396 2817 v.
410 2796 440 2823 4.
530 2792 543 2805 ‘
559 2786 641 2816 Mat.
661 2796 691 2815 v.
710 2793 738 2825 7.
763 2786 840 2816 Luc.
857 2786 901 2816 vi.
916 2784 969 2823 36.
991 2785 1104 2815 dacob.
1121 2784 1154 2815 ii.
1174 2794 1221 2823 1¹3.

178 2842 272 2867 VOL.
298 2842 325 2867 Ι.
639 2842 644 2845 ’
802 2842 827 2866 X
