1799 3077
280 380 741 417 REVERENDISSIMIS
768 379 818 413 IN
845 377 1061 414 CHRISTO
1088 373 1333 409 PATRIBUS

608 541 674 575 AC
702 539 930 581 DOMINIS,
956 539 1003 571 D.

179 703 753 752 ARCHIEPISCOPIS
788 701 1310 749 CANTUARIENSI
1349 700 1441 746 ET

589 799 1045 854 EBORACENSI,

450 988 639 1015 ALIISQUE
673 987 929 1012 REVERENDIS
966 987 1179 1017 PATRIBUS,

141 1120 390 1176 EPISCOPIS
417 1140 667 1176 ECCLESIAE
694 1139 1025 1181 ANGLICANAE‚
1053 1141 1494 1183 VIGILANTl'SSIMIS‚

432 1217 867 1255 FIDELISSIMISQUE
895 1218 1208 1253 PASTORIBUS.

674 1377 959 1408 —-*-—

129 1494 331 1562 QUUM
347 1518 478 1553 mente
500 1515 595 1553 totas
605 1514 650 1553 in
676 1513 783 1553 lianc
810 1527 956 1553 curam
988 1513 1318 1562 incumbendum,
1341 1527 1516 1554 omnem-

123 1593 200 1634 que
220 1579 321 1619 adeo
342 1594 511 1635 operam
531 1582 577 1620 in
597 1581 757 1636 primis
784 1580 1057 1621 adhibendam
1090 1594 1174 1622 esse
1205 1581 1450 1630 ea‘istimem,
1470 1588 1518 1621 ut

114 1648 289 1704 pietatis
310 1648 515 1699 doctrina,
537 1650 809 1705 quantafieri
823 1655 962 1705 potest
981 1650 1246 1705 synceritate,
1262 1650 1427 1704 pueris,
1445 1650 1517 1705 qui

122 1722 223 1756 sunt
242 1716 421 1772 Reipub.
443 1718 564 1772 quasi
584 1718 829 1767 seminaria,
851 1717 1064 1766 tradatur,
1086 1731 1138 1758 ne
1158 1718 1223 1758 vel
1246 1718 1377 1758 teneri
1405 1718 1515 1773 ipso-

124 1799 221 1824 rum
241 1784 375 1824 animi
397 1785 555 1839 pravis
581 1785 848 1840 opinionibus
877 1786 1137 1836 imbuantur,
1162 1785 1226 1826 vel
1253 1786 1304 1826 ab
1334 1786 1402 1836 iis,
1425 1801 1519 1841 quae

124 1859 236 1893 recta
256 1858 369 1902 sunt,
391 1852 598 1894 discendis
618 1867 760 1895 eorum
781 1859 934 1894 mentes
959 1854 1207 1895 obscuritate
1233 1855 1368 1894 nimia
1393 1868 1518 1895 aver-

126 1927 288 1972 tantur,
308 1926 385 1961 aut
411 1920 708 1968 retardentur;
743 1936 828 1978 pro
858 1936 906 1962 ea
935 1936 1019 1978 qua
1040 1923 1234 1978 patriam
1250 1924 1519 1978 juventutem

126 1988 403 2030 benevolentia
425 2003 672 2045 prosequor,
702 1991 834 2031 statui
864 1991 977 2031 omni
1006 2004 1080 2046 ope
1110 1996 1232 2047 atque
1260 2005 1387 2046 opera
1416 1991 1519 2031 milti

127 2057 366 2097 enitendum
386 2071 485 2107 esse,
507 2063 554 2098 ut
573 2058 690 2099 illius
706 2059 783 2114 pia
802 2059 945 2099 studia
957 2072 1260 2114 promoverem,
1282 2064 1320 2099 et
1343 2058 1520 2100 Christi-

127 2137 222 2164 anae
242 2125 485 2181 Religionis
504 2139 709 2166 summam
729 2127 892 2168 ratione
912 2132 1035 2182 atque
1054 2126 1291 2183 compendio
1306 2126 1361 2166 ad
1371 2127 1521 2182 pueri-

128 2190 206 2231 lem
236 2198 402 2247 captum
432 2207 515 2233 non
545 2194 811 2244 incommodo,
837 2194 1017 2234 dilucide
1045 2200 1167 2250 atque
1196 2195 1397 2250 eoeplicate
1418 2208 1520 2249 pro-

120 2273 333 2315 ponerem.
395 2261 450 2300 In
471 2275 549 2316 quo
573 2262 829 2307 Catecliismo
852 2263 931 2316 (sic
950 2263 1060 2302 enim
1086 2264 1220 2313 nostri
1247 2263 1413 2315 vocant)
1436 2276 1520 2303 non

120 2329 279 2382 putavi
314 2329 488 2369 minutis
521 2330 957 2387 interrogatiunculis,
989 2330 1259 2386 brevibusque
1293 2331 1518 2386 responsis,

131 2395 252 2448 quasi
276 2397 446 2449 punctis
465 2397 727 2453 quibusdam,
749 2398 858 2454 quod
878 2399 1099 2454 proposui,
1120 2397 1375 2453 efficiendum
1405 2411 1490 2439 esse
1504 2414 1518 2443 ‚·

130 2475 260 2517 neque
279 2464 383 2504 satis
402 2478 502 2515 esse,
523 2465 650 2506 nudis
680 2472 843 2507 tantum
869 2467 1183 2517 assertionibus,
1203 2469 1521 2509 asseverationi-

131 2529 285 2586 busque
301 2532 503 2573 universa
519 2533 699 2575 breviter
713 2535 1035 2590 simpliciterque
1049 2535 1263 2590 affirmare
1277 2552 1292 2583 ,·
1324 2538 1409 2578 nisi
1424 2552 1521 2578 cau-

132 2611 202 2638 sas
222 2599 346 2639 etiam
366 2600 545 2656 aliquas,
566 2603 825 2658 rationesque
846 2616 989 2643 rerum
1011 2604 1221 2659 afferrem,
1242 2610 1364 2660 atque
1392 2606 1520 2661 subji-

131 2678 276 2708 cerem.
325 2668 387 2709 Et
405 2684 484 2725 quo
503 2671 758 2725 majorfldes
777 2677 899 2726 atque
918 2671 1155 2713 authoritas
1173 2673 1295 2714 rebus
1315 2674 1519 2731 adjunge-

134 2739 266 2784 retur,
293 2736 551 2778 Testimonia
571 2739 738 2779 Divina
759 2754 810 2780 em
830 2741 962 2781 sacris
983 2741 1116 2781 literis
1136 2742 1182 2780 in
1203 2743 1400 2797 margine
1420 2743 1516 2783 libri
