1799 3077
260 132 345 171 250
594 131 831 173 NOELLI
866 133 1331 177 CATECHISMUS.

312 245 376 286 M.
400 245 444 287 A
464 259 551 301 quo
571 255 632 288 est
652 245 709 286 illi
731 245 809 287 hoc
829 260 980 287 nomen
999 246 1209 288 inditum?

308 314 367 354 A.
401 313 474 355 Ab
502 312 709 370 lAngelo‚
742 314 823 355 Dei
854 314 982 370 ipsius
1005 315 1140 371 jussu.
1203 315 1373 357 Nomini
1405 330 1502 357 vero
1531 317 1646 372 quod

250 380 328 437 ipsi
359 382 477 423 Deus
506 381 717 439 imposuit,
749 397 892 424 revera
921 382 1044 424 etiam
1076 399 1171 425 eum
1203 383 1450 441 respondere
1485 399 1646 426 necesse

250 448 343 491 fuit.

307 518 371 558 M.
394 518 424 558 J
427 532 494 558 am
517 532 701 559 CHmsTI
724 533 872 559 nomen
895 518 997 574 quid
1021 518 1097 560 sibi
1119 519 1217 561 velit
1238 518 1375 560 dicito.

304 587 354 627 A.
379 585 500 627 Idem
531 595 606 636 est,
637 601 685 627 ac
716 585 749 627 si
780 594 1001 627 rnunctum
1034 586 1214 634 diceres;
1258 602 1342 642 quo
1373 587 1641 643 significatur,

247 669 343 695 eum
366 669 575 695 summum
597 655 774 710 Regem,
800 654 1078 705 Sacerdotem,
1100 669 1147 695 ac
1169 655 1424 711 Prophetam
1445 671 1541 696 esse.

305 723 368 762 M.
394 723 519 763 Unde
541 721 618 762 hoc
639 721 876 763 constabit?

301 791 356 830 A.
379 791 449 830 Ex
474 791 596 830 Sacra
619 789 856 845 Scriptura;
891 805 987 845 quae
1008 797 1049 830 et
1070 799 1091 818 ss
1105 790 1342 831 unctionem
1363 790 1417 831 ad
1447 790 1525 832 tria
1551 791 1640 832 haec

243 857 553 905 accommodam
587 866 628 898 et
649 857 791 898 eadem
813 872 922 914 saepe
945 857 1112 900 Christo
1133 858 1289 899 tribuit.

303 926 366 966 M.
389 927 461 966 An
483 940 582 981 ergo
597 925 702 976 oleo,
723 925 836 981 quali
861 925 902 966 in
930 925 1073 982 priscis
1101 926 1305 982 Regibus,
1331 926 1636 977 Sacerdotibus,

243 1003 285 1035 et
305 992 527 1049 Prophetis
547 993 732 1034 creandis
754 993 816 1034 usi
838 1002 948 1043 sunt,
972 1002 1122 1034 unctus
1143 1004 1204 1034 est
1226 1008 1443 1034 CHRISTUS
1462 996 1478 1034 ?

300 1063 357 1102 A.
391 1061 693 1116 Nequaquam3
738 1077 882 1102 verum
913 1061 1047 1102 multo
1077 1062 1389 1117 praestantiore3
1429 1061 1636 1102 uberrima

241 1129 432 1170 videlicet
459 1137 476 1156 ⁰
495 1128 674 1185 Spiritus
707 1129 846 1170 Sancti
875 1129 1022 1185 gratia,
1052 1145 1137 1185 qua
1165 1129 1347 1186 repletus
1374 1138 1393 1167 P
1410 1129 1505 1180 fuit,
1533 1128 1636 1169 divi-

241 1198 388 1254 nisque
408 1197 498 1253 ejus
518 1197 666 1253 opibus
686 1197 1054 1238 accumulatissime
1074 1197 1293 1253 praeditus3
1327 1198 1447 1253 cujus
1462 1196 1636 1237 coelestis

241 1265 445 1307 unctionis
466 1276 636 1306 externa
656 1266 736 1316 illa,
761 1266 909 1307 umbra
928 1266 1218 1307 tantummodo
1238 1266 1330 1307 fuit.

297 1335 363 1375 M.
388 1333 529 1375 Sibine
550 1334 624 1374 soli
646 1334 734 1375 haec
755 1334 931 1390 adeptus
952 1345 1027 1385 est,
1050 1350 1102 1375 an
1124 1344 1165 1375 et
1186 1334 1302 1375 nobis
1323 1334 1446 1375 etiam
1475 1332 1635 1389 aliquas

238 1402 334 1443 inde
357 1402 554 1444 utilitates
574 1403 734 1459 praebet
751 1405 767 1443 ?

295 1472 350 1511 A.
376 1472 470 1512 Imo
500 1487 525 1512 a
555 1473 681 1512 Patre
711 1471 788 1512 ista
820 1471 1012 1512 Christus
1042 1470 1212 1526 accepit,
1246 1480 1294 1511 ut
1323 1470 1538 1510 nobiscum
1569 1485 1633 1510 ea-

235 1539 344 1590 dem,
368 1540 492 1580 modo
522 1549 648 1596 atque
675 1539 846 1590 ratione,
869 1555 995 1596 quam
1026 1538 1244 1580 convenire
1274 1538 1425 1594 cuique
1455 1537 1633 1579 maxime

235 1609 363 1661 novit,
386 1609 688 1657 communicet3
722 1618 741 1648 q
756 1625 806 1650 ex
828 1609 918 1665 ejus
939 1608 1047 1649 enim
1068 1607 1339 1664 plenitudine,
1359 1616 1406 1648 ut
1427 1622 1479 1648 ex
1495 1607 1631 1656 unico,

235 1687 388 1727 sancto,
411 1687 536 1733 atque
558 1687 738 1733 augusto
762 1677 892 1727 fonte,
915 1676 1131 1718 haurimus
1158 1691 1299 1717 omnes
1329 1675 1531 1732 quicquid
1561 1675 1632 1715 ha-

233 1745 380 1786 bemus
400 1745 627 1786 coelestium
648 1746 865 1786 bonorum.

291 1815 357 1854 M.
380 1815 476 1854 Non
497 1829 597 1870 ergo
617 1813 875 1854 mundanum
898 1813 999 1854 dicis
1020 1828 1105 1853 esse
1127 1826 1311 1854 CHRISTI
1334 1813 1564 1868 Regnum?

289 1883 344 1922 A.
370 1881 596 1929 rMinime3
641 1881 711 1922 sed
743 1880 955 1937 spirituale
986 1890 1027 1921 et
1057 1890 1273 1930 aeternum,
1295 1880 1409 1935 quod
1431 1880 1556 1920 verbo
1587 1889 1628 1921 et

234 1949 393 2005 Spiritu
423 1948 518 1998 Dei,
548 1964 643 2004 quae
667 1949 870 2005 justitiam
904 1963 1042 1989 secum
1073 1957 1114 1989 et
1134 1948 1261 1989 vitam
1291 1948 1447 1998 ferunt,
1468 1947 1628 2003 regitur

231 2025 357 2072 atque
379 2016 702 2058 administratur.

288 2085 354 2125 M.
379 2086 512 2135 Quem
535 2099 608 2125 nos
628 2099 679 2125 ex
701 2084 778 2125 hoc
798 2099 927 2140 regno
947 2084 1131 2124 fructum
1153 2082 1404 2139 percipimus
1421 2085 1438 2123 ?

285 2154 345 2194 A.
367 2153 531 2194 Virtute
552 2161 593 2193 et
620 2152 904 2208 spiritualibus
924 2151 1091 2201 sannis,
1114 2150 1168 2191 ad
1198 2166 1377 2201 carnem,
1400 2150 1622 2201 mundum,

228 2230 458 2278 peccatum,
484 2223 692 2271 Satanam,
715 2220 913 2261 immanes
930 2229 970 2261 et
991 2218 1185 2276 capitales
1211 2219 1442 2260 animarum
1469 2228 1625 2259 nostra-

227 2306 320 2331 rum
351 2290 488 2331 hostes
519 2289 799 2339 debellandos,
829 2304 903 2329 nos
932 2287 1123 2335 instruit;
1167 2287 1329 2328 beatam
1362 2286 1625 2328 conscientia-

227 2374 319 2399 rum
340 2358 572 2399 libertatem
592 2357 795 2413 largitur;
830 2356 1006 2412 denique
1033 2355 1199 2396 Divinis
1227 2356 1310 2397 suis
1340 2355 1489 2412 opibus
1518 2371 1622 2412 prae-

226 2427 348 2477 ditos,
371 2426 424 2467 ad
446 2426 513 2482 pie
535 2436 755 2482 sancteque
776 2424 1000 2466 vivendum
1016 2425 1140 2480 juvat
1160 2434 1201 2466 et
1220 2425 1446 2465 confirmat.

266 2528 272 2549 ¹
290 2530 371 2559 Mat.
388 2529 408 2559 i.
427 2538 477 2560 21.
502 2529 580 2560 Luc.
596 2529 617 2559 i.
634 2539 686 2568 31.
705 2529 737 2559 ii.
758 2538 808 2559 21.
925 2533 947 2547 m
964 2528 1047 2559 Psal.
1065 2527 1098 2558 ii.
1114 2526 1142 2558 6.
1170 2527 1256 2557 Esai.
1274 2527 1326 2556 lxi.
1346 2536 1373 2557 1.
1397 2526 1484 2556 Dan.
1503 2525 1544 2555 ix.
1564 2534 1617 2563 24,

225 2590 275 2623 25.
300 2583 378 2613 Luc.
396 2583 450 2612 vii.
472 2582 520 2613 16.
545 2584 617 2613 Act.
633 2583 687 2613 vii.
706 2590 758 2623 37.
845 2587 860 2601 ¹¹
878 2582 955 2612 Lev.
972 2581 1015 2611 iv.
1033 2591 1064 2620 3.
1093 2591 1104 2611 1
1126 2581 1207 2620 Reg.
1223 2581 1284 2610 xvi.
1306 2590 1335 2617 1,
1355 2589 1404 2617 12,
1426 2588 1474 2617 13.
1498 2586 1516 2615 3
1535 2579 1614 2616 Reg.

221 2637 281 2667 xix.
302 2646 352 2675 15,
373 2635 421 2667 16.
548 2643 561 2657 ⁰
578 2638 657 2668 Luc.
678 2637 719 2667 iv.
742 2636 789 2667 18.
814 2636 885 2666 Act.
901 2636 942 2666 iv.
960 2643 1010 2675 27.
1038 2646 1066 2665 x.
1081 2635 1135 2674 38.
1158 2635 1241 2665 Heb.
1256 2634 1277 2664 i.
1294 2644 1325 2674 9.
1447 2639 1463 2659 Ρ
1478 2632 1574 2662 Joau.
1593 2632 1616 2662 i.

225 2698 274 2727 14,
298 2688 345 2720 16.
434 2697 447 2715 ‘¹
466 2690 543 2721 Luc.
558 2691 631 2721 xxii.
652 2700 701 2732 29.
723 2691 821 2721 Joan.
838 2690 859 2720 i.
882 2698 932 2728 14,
954 2689 1002 2720 16.
1030 2699 1045 2720 2
1064 2690 1137 2720 Cor.
1155 2689 1176 2719 i.
1191 2698 1241 2720 21.
1258 2689 1382 2719 Coloss.
1395 2688 1416 2717 i.
1433 2696 1480 2725 ¹3-
1499 2695 1514 2716 2
1527 2685 1617 2716 Tim.

220 2743 262 2774 iv.
279 2743 310 2773 8.
506 2751 517 2764 ¹
535 2745 613 2776 Luc.
630 2745 650 2774 i.
665 2754 718 2782 32.
748 2745 846 2774 doan.
862 2744 950 2773 xviii.
966 2743 1019 2782 36.
1050 2744 1174 2774 Coloss.
1195 2743 1216 2772 i.
1238 2752 1287 2781 13,
1305 2751 1353 2779 14.
1388 2750 1403 2771 2
1422 2741 1509 2770 Tim.
1525 2739 1567 2769 iv.
1590 2750 1613 2769 1.

219 2804 228 2817 ³
247 2798 340 2828 Rom.
359 2797 422 2828 xiii.
443 2807 490 2827 12.
509 2799 570 2828 xvi.
587 2808 636 2828 20.
664 2808 677 2828 z
697 2800 769 2827 for.
789 2798 830 2827 vi.
852 2806 879 2836 7.
908 2808 937 2827 x.
956 2807 985 2835 4.
1013 2798 1127 2837 Ephes.
1145 2798 1187 2827 iv.
1206 2797 1235 2825 8.
1267 2797 1307 2826 vi.
1328 2805 1376 2826 11.
