1799 3077
468 95 704 136 NOELLI
739 95 1203 137 CATECHISMUS.
1440 104 1493 141 ⁶252

135 205 244 247 bona
272 221 502 263 precemur,
535 207 607 248 sed
636 207 689 248 de
719 206 812 258 illis,
843 216 1048 264 quantum
1078 209 1120 249 in
1156 208 1273 250 nobis
1305 211 1396 261 erit,
1419 212 1522 254 bene

134 272 256 314 etiam
278 290 520 316 mereamur.

191 343 255 383 M.
287 344 318 383 J
320 358 385 383 am
406 351 661 399 praeceptum
684 343 905 399 septimum
927 344 1137 400 quodnam
1159 348 1250 386 cst?

192 411 248 450 A.
281 411 434 452 ῃΝΟΝ
460 424 914 454 ADULTERABERIS.

191 479 254 518 M.
288 478 399 529 Quid
422 495 470 520 eo
490 479 565 520 tibi
586 479 784 520 contineri
802 479 996 521 videtur?

189 548 244 588 A.
278 548 375 588 Hoc
408 557 614 604 praecepto
642 563 763 588 omne
784 548 907 589 foedae
937 564 1138 605 vagaeque
1165 549 1345 590 libidinis
1374 566 1521 607 genus,

130 615 347 671 omnisque
368 632 462 672 quae
482 632 507 656 a
526 615 695 656 libidine
717 616 898 657 nascitur
919 617 1152 673 turpitudo,
1174 629 1222 659 ut
1242 620 1521 660 contrectandi

130 683 373 739 petulantia,
405 684 600 725 orationis
630 684 920 733 Oobscoenitas‚
952 684 1094 726 vultus
1127 695 1319 741 gestusve
1358 687 1522 728 lascivia

130 752 276 802 omnis,
317 762 442 808 atque
480 752 750 808 impudicitiae
790 752 1031 808 significatio
1067 754 1225 809 quaevis
1263 755 1519 810 prohibetur.

131 821 219 861 Nec
240 821 460 861 verborum
492 820 617 861 modo
638 820 870 876 turpitudo,
894 821 1221 878 obscoenitasque
1250 838 1389 864 rerum
1410 835 1522 866 veta-

130 897 212 939 tur,
236 888 321 938 sed,
344 889 539 944 quoniam
560 897 650 929 tum
671 903 857 944 corpora,
881 898 969 929 tum
991 889 1138 930 animae
1163 899 1312 932 nostrae
1333 900 1352 929 P
1367 891 1521 947 templa

131 965 228 997 sunt
250 956 428 1012 Spiritus
449 956 590 1006 sancti,
612 972 696 1012 quo
715 972 822 1012 pura
842 956 894 997 sit
913 956 955 997 in
979 957 1163 1013 utrisque
1184 958 1361 1009 castitas,
1383 961 1520 1015 pudor

130 1025 298 1081 pariter,
320 1034 361 1065 et
381 1024 579 1081 pudicitia
599 1040 624 1065 a
646 1026 737 1065 Deo
764 1025 1015 1081 exiguntur3
1049 1041 1100 1066 ne
1130 1026 1196 1066 vel
1224 1042 1397 1083 corpora
1426 1028 1520 1069 ullis

129 1092 309 1134 libidinis
340 1093 544 1143 sordibus,
576 1093 641 1133 vel
675 1092 800 1133 animi
829 1093 1030 1134 obscoenis
1059 1094 1390 1149 cogitationibus,
1413 1104 1517 1137 qaut

129 1160 427 1216 cupiditatibus
447 1160 532 1201 ullo
551 1161 674 1202 modo
694 1160 959 1217 polluantur;
994 1161 1064 1202 sed
1090 1162 1189 1203 casti
1220 1162 1398 1218 purique
1427 1179 1519 1219 per-

129 1239 258 1285 petuo
279 1238 504 1270 serventur.

189 1298 252 1338 M.
286 1298 420 1353 Perge
440 1297 493 1338 ad
515 1306 672 1338 caetera.

187 1366 243 1406 A.
276 1367 481 1406 Octavum
506 1374 760 1421 praeceptum
783 1374 856 1416 est,
880 1368 1022 1408 ΥΝΟΝ
1049 1369 1361 1408 FURABERIS.
1422 1371 1517 1418 Quo

128 1445 337 1491 praecepto
358 1449 440 1475 non
461 1443 624 1475 tantum
644 1434 757 1474 furta
777 1434 847 1474 illa
866 1450 961 1490 quae
985 1435 1177 1475 humanis
1206 1435 1366 1491 legibus
1397 1437 1517 1492 puni-

130 1512 273 1553 untur,
291 1517 435 1543 verum
456 1501 578 1543 etiam
599 1516 739 1542 omnes
755 1502 936 1552 fraudes,
958 1511 1109 1558 Satque
1129 1502 1299 1544 fallaciae
1320 1504 1517 1545 damnan-

131 1580 224 1619 tur3
258 1570 361 1612 nulli
383 1586 479 1611 vero
500 1579 642 1611 contra
671 1570 776 1611 hanc
806 1570 938 1626 legem
966 1570 1208 1627 flagitiosius
1237 1572 1514 1623 committunt,

130 1655 256 1696 quam
287 1639 357 1695 qui
389 1654 463 1695 per
498 1638 697 1679 rationem
727 1638 904 1689 fiduciae,
934 1655 1002 1679 eos
1033 1654 1132 1695 erga
1163 1655 1267 1695 quos
1297 1641 1516 1682 amicitiam

129 1707 336 1758 simulant,
358 1706 536 1747 maxime
557 1707 749 1747 fraudare
770 1707 914 1749 solent.
965 1707 1047 1757 Qui
1068 1708 1175 1748 enim
1194 1708 1319 1749 fidem
1340 1709 1513 1760 laedunt,

127 1785 374 1833 oppugnant
394 1775 576 1816 omnium
598 1791 815 1816 commune
835 1775 1085 1832 praesidium.
1130 1777 1196 1817 Ne
1216 1792 1315 1833 ergo
1335 1777 1514 1833 cuipiam

127 1846 401 1901 imponamus,
423 1859 474 1884 ne
504 1843 872 1885 circumveniamus
902 1859 1154 1900 quenquam,
1177 1860 1228 1886 ne
1249 1846 1410 1887 emendi
1441 1856 1514 1888 aut

127 1911 332 1954 vendendi
367 1921 531 1967 quaestu
561 1920 602 1952 et
631 1911 747 1952 lucro
777 1911 872 1952 duci
904 1927 979 1952 nos
1011 1912 1064 1952 ad
1094 1912 1287 1968 injuriam
1319 1914 1511 1965 sinamus,

127 1996 262 2037 neque
282 1980 522 2021 mercaturis
536 1979 733 2020 faciendis
752 1980 903 2035 injuste
922 1995 1006 2020 rem
1024 1996 1274 2035 quaeramus,
1291 1991 1363 2022 aut
1385 1986 1513 2023 tmen-

128 2049 233 2090 suris
253 2049 317 2090 vel
344 2048 597 2105 ponderibus
626 2048 854 2104 imparibus
880 2057 1005 2103 atque
1031 2048 1182 2104 iniquis
1203 2057 1378 2099 utentes,
1400 2066 1512 2105 quae-

128 2126 237 2158 stum
272 2116 484 2168 faciamus,
516 2126 589 2157 aut
618 2116 795 2166 fallaces,
827 2124 868 2156 et
898 2116 1058 2157 fucosas
1089 2132 1243 2158 merces
1275 2117 1509 2168 vendentes,
1545 2109 1547 2111 ¹

127 2201 225 2241 opes
245 2200 484 2241 augeamus,
506 2184 786 2241 prohibemur.

186 2255 249 2294 M.
283 2253 515 2308 Quicquam
536 2252 713 2309 amplius
733 2252 785 2293 de
806 2252 883 2293 hoc
906 2262 1114 2308 praecepto
1133 2253 1353 2294 dicendum
1375 2254 1512 2296 existi-

126 2336 212 2362 mas
225 2323 243 2361 ,Ρ

182 2391 238 2430 Α.
273 2389 481 2430 Maxime:
516 2390 626 2430 Nam
657 2403 739 2429 non
770 2398 939 2429 externa
961 2388 1092 2429 solum
1119 2388 1233 2430 furta
1261 2389 1510 2446 fraudesque

168 2517 183 2531 ¹³
206 2511 310 2542 Exod.
328 2521 382 2541 xx.
400 2518 449 2548 14.
474 2511 572 2541 Deut.
589 2521 618 2540 v.
639 2510 688 2541 18.
712 2511 792 2541 Mat.
813 2512 880 2541 xix.
902 2512 949 2541 18.
1079 2518 1092 2531 ⁰
1117 2513 1209 2542 Rom.
1226 2512 1296 2542 xiii.
1318 2522 1366 2550 15.
1392 2514 1508 2552 Ephes.

125 2576 154 2595 v.
168 2573 202 2603 3,
216 2573 246 2603 4.
270 2565 340 2595 Jac.
355 2564 391 2594 ii.
410 2574 458 2594 11.
702 2570 717 2589 P
745 2573 755 2592 1
773 2565 847 2594 Cor.
864 2564 908 2594 iii.
927 2565 976 2602 ιθ,
996 2571 1044 2604 17.
1068 2566 1109 2596 vi.
1131 2572 1182 2605 15,
1202 2574 1250 2606 19.
1276 2575 1292 2596 2
1311 2567 1384 2596 Cor.
1403 2568 1444 2597 vi.
1462 2570 1510 2599 16.

124 2626 139 2644 ‘1
161 2619 235 2649 Job.
252 2619 341 2648 xxxi.
357 2628 387 2659 9.
410 2618 502 2648 Prov.
519 2617 561 2648 vi.
580 2625 630 2656 25.
655 2617 737 2647 Mat.
755 2628 784 2647 v.
802 2625 854 2657 27,
874 2618 924 2648 28.
1120 2625 1130 2638 ¹
1156 2620 1256 2650 Exod.
1274 2630 1328 2650 xx.
1350 2629 1395 2661 15.
1425 2622 1509 2652 Mat.

126 2673 192 2703 xix.
215 2672 261 2702 18.
291 2683 302 2702 1
323 2673 397 2703 Cor.
414 2672 456 2702 vi.
473 2672 506 2708 8,
523 2681 556 2712 9,
576 2681 623 2702 10.
722 2678 731 2690 ⁵
761 2681 771 2700 1
791 2671 885 2702 Thes.
901 2672 943 2702 iv.
957 2671 986 2703 6.
1008 2672 1074 2703 Tit.
1090 2672 1123 2703 ii.
1142 2681 1189 2704 10.
1277 2676 1285 2692 2
1307 2675 1398 2705 Prov.
1415 2675 1458 2704 xi.
1481 2684 1506 2706 1.

126 2736 181 2757 xx.
203 2736 252 2763 10,
272 2736 318 2756 11.

783 2793 810 2820 ω.
825 2780 851 2817 3
