<?xml version="1.0" encoding="UTF-8"?>
<!DOCTYPE html PUBLIC "-//W3C//DTD XHTML 1.0 Transitional//EN"
    "http://www.w3.org/TR/xhtml1/DTD/xhtml1-transitional.dtd">
<html xmlns="http://www.w3.org/1999/xhtml" xml:lang="en" lang="en">
 <head>
  <title>
</title>
<meta http-equiv="Content-Type" content="text/html;charset=utf-8" />
  <meta name='ocr-system' content='tesseract 3.04.00' />
  <meta name='ocr-capabilities' content='ocr_page ocr_carea ocr_par ocr_line ocrx_word'/>
</head>
<body>
  <div class='ocr_page' id='page_1' title='image "./enchiridiontheol01rand_0191.png"; bbox 0 0 1799 3077; ppageno 0'>
   <div class='ocr_carea' id='block_1_1' title="bbox 507 115 1495 163">
    <p class='ocr_par' dir='ltr' id='par_1_1' title="bbox 507 115 1495 163">
     <span class='ocr_line' id='line_1_1' title="bbox 507 115 1495 163; baseline 0.007 -7"><span class='ocrx_word' id='word_1_1' title='bbox 507 116 737 157; x_wconf 82' lang='lat' dir='ltr'>JUELLI</span> <span class='ocrx_word' id='word_1_2' title='bbox 772 115 1108 157; x_wconf 90' lang='lat' dir='ltr'><strong>APOLOGIA.</strong></span> <span class='ocrx_word' id='word_1_3' title='bbox 1413 122 1495 163; x_wconf 73' lang='lat'>177</span> 
     </span>
    </p>
   </div>
   <div class='ocr_carea' id='block_1_2' title="bbox 100 227 1710 2777">
    <p class='ocr_par' dir='ltr' id='par_1_2' title="bbox 100 227 1710 2628">
     <span class='ocr_line' id='line_1_2' title="bbox 114 227 1680 284; baseline 0.006 -15"><span class='ocrx_word' id='word_1_4' title='bbox 114 228 203 284; x_wconf 89' lang='lat' dir='ltr'>ejus</span> <span class='ocrx_word' id='word_1_5' title='bbox 223 228 407 284; x_wconf 78' lang='lat' dir='ltr'>accipere</span> <span class='ocrx_word' id='word_1_6' title='bbox 427 227 715 284; x_wconf 81' lang='lat' dir='ltr'>plenitudine?</span> <span class='ocrx_word' id='word_1_7' title='bbox 758 229 974 270; x_wconf 88' lang='lat' dir='ltr'>Postremo</span> <span class='ocrx_word' id='word_1_8' title='bbox 1003 229 1104 284; x_wconf 88' lang='lat' dir='ltr'>quid</span> <span class='ocrx_word' id='word_1_9' title='bbox 1136 229 1167 270; x_wconf 88' lang='lat' dir='ltr'>si</span> <span class='ocrx_word' id='word_1_10' title='bbox 1198 243 1280 270; x_wconf 91' lang='lat' dir='ltr'>non</span> <span class='ocrx_word' id='word_1_11' title='bbox 1310 230 1496 273; x_wconf 84' lang='lat' dir='ltr'>dissimu-</span> <span class='ocrx_word' id='word_1_12' title='bbox 1508 248 1680 277; x_wconf 66' lang='lat' dir='ltr'>morandus.</span> 
     </span>
     <span class='ocr_line' id='line_1_3' title="bbox 109 295 1496 353; baseline 0.003 -18"><span class='ocrx_word' id='word_1_13' title='bbox 109 295 254 345; x_wconf 86' lang='lat' dir='ltr'>lanter,</span> <span class='ocrx_word' id='word_1_14' title='bbox 275 306 348 338; x_wconf 83' lang='lat' dir='ltr'>aut</span> <span class='ocrx_word' id='word_1_15' title='bbox 368 296 555 346; x_wconf 82' lang='lat' dir='ltr'>obscure,</span> <span class='ocrx_word' id='word_1_16' title='bbox 579 295 648 336; x_wconf 88' lang='lat' dir='ltr'>sed</span> <span class='ocrx_word' id='word_1_17' title='bbox 672 296 887 352; x_wconf 87' lang='lat' dir='ltr'>perspicue</span> <span class='ocrx_word' id='word_1_18' title='bbox 914 305 954 337; x_wconf 89' lang='lat' dir='ltr'>et</span> <span class='ocrx_word' id='word_1_19' title='bbox 985 305 1125 353; x_wconf 86' lang='lat' dir='ltr'>aperte</span> <span class='ocrx_word' id='word_1_20' title='bbox 1155 296 1376 339; x_wconf 83' lang='lat' dir='ltr'>decernant</span> <span class='ocrx_word' id='word_1_21' title='bbox 1404 314 1496 340; x_wconf 90' lang='lat' dir='ltr'>con-</span> 
     </span>
     <span class='ocr_line' id='line_1_4' title="bbox 110 363 1497 420; baseline 0.002 -17"><span class='ocrx_word' id='word_1_22' title='bbox 110 371 173 403; x_wconf 85' lang='lat' dir='ltr'>tra</span> <span class='ocrx_word' id='word_1_23' title='bbox 192 378 431 419; x_wconf 87' lang='lat' dir='ltr'>expressum</span> <span class='ocrx_word' id='word_1_24' title='bbox 453 363 628 403; x_wconf 85' lang='lat' dir='ltr'>verbum</span> <span class='ocrx_word' id='word_1_25' title='bbox 647 363 759 403; x_wconf 86' lang='lat' dir='ltr'>Dei?</span> <span class='ocrx_word' id='word_1_26' title='bbox 792 365 865 404; x_wconf 88' lang='lat' dir='ltr'>An</span> <span class='ocrx_word' id='word_1_27' title='bbox 885 363 1093 420; x_wconf 90' lang='lat' dir='ltr'>quidquid</span> <span class='ocrx_word' id='word_1_28' title='bbox 1114 364 1171 405; x_wconf 85' lang='lat' dir='ltr'>illi</span> <span class='ocrx_word' id='word_1_29' title='bbox 1187 364 1344 414; x_wconf 91' lang='lat' dir='ltr'>dicunt,</span> <span class='ocrx_word' id='word_1_30' title='bbox 1362 366 1497 406; x_wconf 87' lang='lat' dir='ltr'>statim</span> 
     </span>
     <span class='ocr_line' id='line_1_5' title="bbox 109 430 1500 487; baseline 0.002 -17"><span class='ocrx_word' id='word_1_31' title='bbox 109 430 187 471; x_wconf 90' lang='lat' dir='ltr'>erit</span> <span class='ocrx_word' id='word_1_32' title='bbox 208 430 512 487; x_wconf 85' lang='lat' dir='ltr'>Evangelium?</span> <span class='ocrx_word' id='word_1_33' title='bbox 544 432 617 471; x_wconf 93' lang='lat' dir='ltr'>An</span> <span class='ocrx_word' id='word_1_34' title='bbox 638 430 714 471; x_wconf 89' lang='lat' dir='ltr'>iste</span> <span class='ocrx_word' id='word_1_35' title='bbox 734 430 811 472; x_wconf 86' lang='lat' dir='ltr'>erit</span> <span class='ocrx_word' id='word_1_36' title='bbox 832 430 1035 473; x_wconf 89' lang='lat' dir='ltr'>exercitus</span> <span class='ocrx_word' id='word_1_37' title='bbox 1056 431 1169 472; x_wconf 84' lang='lat' dir='ltr'>Dei?</span> <span class='ocrx_word' id='word_1_38' title='bbox 1199 433 1272 472; x_wconf 91' lang='lat' dir='ltr'>An</span> <span class='ocrx_word' id='word_1_39' title='bbox 1302 432 1359 473; x_wconf 91' lang='lat' dir='ltr'>ibi</span> <span class='ocrx_word' id='word_1_40' title='bbox 1381 433 1500 474; x_wconf 91' lang='lat' dir='ltr'>Chri-</span> 
     </span>
     <span class='ocr_line' id='line_1_6' title="bbox 110 497 1499 555; baseline 0.002 -17"><span class='ocrx_word' id='word_1_41' title='bbox 110 506 197 538; x_wconf 85' lang='lat' dir='ltr'>stus</span> <span class='ocrx_word' id='word_1_42' title='bbox 231 508 383 553; x_wconf 85' lang='lat' dir='ltr'>praesto</span> <span class='ocrx_word' id='word_1_43' title='bbox 418 497 525 538; x_wconf 83' lang='lat' dir='ltr'>erit?</span> <span class='ocrx_word' id='word_1_44' title='bbox 566 500 640 539; x_wconf 90' lang='lat' dir='ltr'>An</span> <span class='ocrx_word' id='word_1_45' title='bbox 676 498 717 538; x_wconf 90' lang='lat' dir='ltr'>in</span> <span class='ocrx_word' id='word_1_46' title='bbox 748 498 921 540; x_wconf 90' lang='lat' dir='ltr'>istorum</span> <span class='ocrx_word' id='word_1_47' title='bbox 951 498 1103 555; x_wconf 89' lang='lat' dir='ltr'>linguis</span> <span class='ocrx_word' id='word_1_48' title='bbox 1132 499 1292 540; x_wconf 88' lang='lat' dir='ltr'>natabit</span> <span class='ocrx_word' id='word_1_49' title='bbox 1322 499 1499 555; x_wconf 84' lang='lat' dir='ltr'>Spiritus</span> 
     </span>
     <span class='ocr_line' id='line_1_7' title="bbox 109 566 1498 623; baseline 0.002 -17"><span class='ocrx_word' id='word_1_50' title='bbox 109 575 287 616; x_wconf 87' lang='lat' dir='ltr'>sanctus,</span> <span class='ocrx_word' id='word_1_51' title='bbox 319 575 392 607; x_wconf 89' lang='lat' dir='ltr'>aut</span> <span class='ocrx_word' id='word_1_52' title='bbox 426 566 485 606; x_wconf 90' lang='lat' dir='ltr'>illi</span> <span class='ocrx_word' id='word_1_53' title='bbox 525 575 699 622; x_wconf 86' lang='lat' dir='ltr'>possunt</span> <span class='ocrx_word' id='word_1_54' title='bbox 728 582 824 607; x_wconf 86' lang='lat' dir='ltr'>vere</span> <span class='ocrx_word' id='word_1_55' title='bbox 863 567 1011 617; x_wconf 85' lang='lat' dir='ltr'>dicere,</span> <span class='ocrx_word' id='word_1_56' title='bbox 1043 567 1202 608; x_wconf 25' lang='lat' dir='ltr'>Visum,</span> <span class='ocrx_word' id='word_1_57' title='bbox 1224 576 1285 608; x_wconf 91' lang='lat' dir='ltr'>est</span> <span class='ocrx_word' id='word_1_58' title='bbox 1326 568 1498 623; x_wconf 88' lang='lat' dir='ltr'>Spiritui</span> 
     </span>
     <span class='ocr_line' id='line_1_8' title="bbox 107 633 1499 690; baseline 0.002 -17"><span class='ocrx_word' id='word_1_59' title='bbox 107 642 261 683; x_wconf 87' lang='lat' dir='ltr'>sancto,</span> <span class='ocrx_word' id='word_1_60' title='bbox 283 644 324 674; x_wconf 90' lang='lat' dir='ltr'>et</span> <span class='ocrx_word' id='word_1_61' title='bbox 345 633 493 674; x_wconf 84' lang='lat' dir='ltr'>nobis?</span> <span class='ocrx_word' id='word_1_62' title='bbox 527 635 678 674; x_wconf 88' lang='lat' dir='ltr'>Petrus</span> <span class='ocrx_word' id='word_1_63' title='bbox 698 633 867 689; x_wconf 90' lang='lat' dir='ltr'>quidem</span> <span class='ocrx_word' id='word_1_64' title='bbox 888 650 912 675; x_wconf 87' lang='lat' dir='ltr'>a</span> <span class='ocrx_word' id='word_1_65' title='bbox 935 636 1048 684; x_wconf 85' lang='lat' dir='ltr'>Soto,</span> <span class='ocrx_word' id='word_1_66' title='bbox 1071 642 1112 675; x_wconf 91' lang='lat' dir='ltr'>et</span> <span class='ocrx_word' id='word_1_67' title='bbox 1138 634 1227 690; x_wconf 83' lang='lat' dir='ltr'>ejus</span> <span class='ocrx_word' id='word_1_68' title='bbox 1256 634 1499 690; x_wconf 83' lang='lat' dir='ltr'>astipulator</span> 
     </span>
     <span class='ocr_line' id='line_1_9' title="bbox 108 700 1496 757; baseline 0.002 -17"><span class='ocrx_word' id='word_1_69' title='bbox 108 700 280 751; x_wconf 81' lang='lat' dir='ltr'>Hosius,</span> <span class='ocrx_word' id='word_1_70' title='bbox 304 700 405 741; x_wconf 84' lang='lat' dir='ltr'>nihil</span> <span class='ocrx_word' id='word_1_71' title='bbox 426 700 618 741; x_wconf 89' lang='lat' dir='ltr'>dubitant</span> <span class='ocrx_word' id='word_1_72' title='bbox 643 700 861 751; x_wconf 81' lang='lat' dir='ltr'>affirmare,</span> <span class='ocrx_word' id='word_1_73' title='bbox 887 701 1119 742; x_wconf 86' lang='lat' dir='ltr'>Concilium</span> <span class='ocrx_word' id='word_1_74' title='bbox 1148 700 1252 742; x_wconf 87' lang='lat' dir='ltr'>illud</span> <span class='ocrx_word' id='word_1_75' title='bbox 1282 700 1432 757; x_wconf 89' lang='lat' dir='ltr'>ipsum,</span> <span class='ocrx_word' id='word_1_76' title='bbox 1455 702 1496 743; x_wconf 91' lang='lat' dir='ltr'>in</span> 
     </span>
     <span class='ocr_line' id='line_1_10' title="bbox 106 767 1710 824; baseline 0.001 -16"><span class='ocrx_word' id='word_1_77' title='bbox 106 783 191 823; x_wconf 92' lang='lat' dir='ltr'>quo</span> <span class='ocrx_word' id='word_1_78' title='bbox 213 768 404 809; x_wconf 88' lang='lat' dir='ltr'>Christus</span> <span class='ocrx_word' id='word_1_79' title='bbox 424 769 454 808; x_wconf 84' lang='lat' dir='ltr'><strong>J</strong></span> <span class='ocrx_word' id='word_1_80' title='bbox 458 783 550 808; x_wconf 87' lang='lat' dir='ltr'>esus</span> <span class='ocrx_word' id='word_1_81' title='bbox 570 767 832 823; x_wconf 85' lang='lat' dir='ltr'>adjudicatus</span> <span class='ocrx_word' id='word_1_82' title='bbox 851 777 912 809; x_wconf 88' lang='lat' dir='ltr'>est</span> <span class='ocrx_word' id='word_1_83' title='bbox 932 768 1069 819; x_wconf 89' lang='lat' dir='ltr'>morti,</span> <span class='ocrx_word' id='word_1_84' title='bbox 1087 768 1277 810; x_wconf 84' lang='lat' dir='ltr'>habuisse</span> <span class='ocrx_word' id='word_1_85' title='bbox 1295 769 1494 824; x_wconf 87' lang='lat' dir='ltr'>Spiritum</span> <span class='ocrx_word' id='word_1_86' title='bbox 1510 780 1624 810; x_wconf 83' lang='lat' dir='ltr'>Hosius</span> <span class='ocrx_word' id='word_1_87' title='bbox 1637 789 1710 810; x_wconf 89' lang='lat' dir='ltr'>con-</span> 
     </span>
     <span class='ocr_line' id='line_1_11' title="bbox 105 824 1708 898; baseline 0.003 -23"><span class='ocrx_word' id='word_1_88' title='bbox 105 835 408 891; x_wconf 86' lang='lat' dir='ltr'>propheticum,</span> <span class='ocrx_word' id='word_1_89' title='bbox 448 835 649 891; x_wconf 87' lang='lat' dir='ltr'>Spiritum</span> <span class='ocrx_word' id='word_1_90' title='bbox 691 845 892 885; x_wconf 87' lang='lat' dir='ltr'>sanctum,</span> <span class='ocrx_word' id='word_1_91' title='bbox 935 835 1134 891; x_wconf 87' lang='lat' dir='ltr'>Spiritum</span> <span class='ocrx_word' id='word_1_92' title='bbox 1169 836 1375 885; x_wconf 87' lang='lat' dir='ltr'>veritatis;</span> <span class='ocrx_word' id='word_1_93' title='bbox 1422 853 1496 880; x_wconf 87' lang='lat' dir='ltr'>nec</span> <span class='ocrx_word' id='word_1_94' title='bbox 1506 824 1667 898; x_wconf 48' lang='grc' dir='ltr'>ἷξζῃῗῑῑίζ</span> <span class='ocrx_word' id='word_1_95' title='bbox 1680 877 1708 898; x_wconf 47' lang='lat'>2·</span> 
     </span>
     <span class='ocr_line' id='line_1_12' title="bbox 105 902 1496 959; baseline 0.003 -15"><span class='ocrx_word' id='word_1_96' title='bbox 105 903 255 944; x_wconf 85' lang='lat' dir='ltr'>falsum</span> <span class='ocrx_word' id='word_1_97' title='bbox 276 912 349 944; x_wconf 88' lang='lat' dir='ltr'>aut</span> <span class='ocrx_word' id='word_1_98' title='bbox 369 918 522 943; x_wconf 88' lang='lat' dir='ltr'>vanum</span> <span class='ocrx_word' id='word_1_99' title='bbox 545 902 687 953; x_wconf 87' lang='lat' dir='ltr'>fuisse,</span> <span class='ocrx_word' id='word_1_100' title='bbox 710 902 824 958; x_wconf 91' lang='lat' dir='ltr'>quod</span> <span class='ocrx_word' id='word_1_101' title='bbox 847 903 1046 959; x_wconf 86' lang='lat' dir='ltr'>Episcopi</span> <span class='ocrx_word' id='word_1_102' title='bbox 1066 903 1124 943; x_wconf 89' lang='lat' dir='ltr'>illi</span> <span class='ocrx_word' id='word_1_103' title='bbox 1144 903 1364 952; x_wconf 78' lang='lat' dir='ltr'>dixerunt3</span> <span class='ocrx_word' id='word_1_104' title='bbox 1408 907 1496 948; x_wconf 91' lang='lat' dir='ltr'>Nos</span> 
     </span>
     <span class='ocr_line' id='line_1_13' title="bbox 106 970 1496 1029; baseline 0.002 -18"><span class='ocrx_word' id='word_1_105' title='bbox 106 970 306 1012; x_wconf 87' lang='lat' dir='ltr'>habemus</span> <span class='ocrx_word' id='word_1_106' title='bbox 327 972 501 1026; x_wconf 86' lang='lat' dir='ltr'>Legem,</span> <span class='ocrx_word' id='word_1_107' title='bbox 523 979 564 1012; x_wconf 92' lang='lat' dir='ltr'>et</span> <span class='ocrx_word' id='word_1_108' title='bbox 585 971 814 1011; x_wconf 87' lang='lat' dir='ltr'>secundum</span> <span class='ocrx_word' id='word_1_109' title='bbox 837 971 995 1026; x_wconf 84' lang='lat' dir='ltr'>Legem</span> <span class='ocrx_word' id='word_1_110' title='bbox 1011 970 1134 1012; x_wconf 91' lang='lat' dir='ltr'>debet</span> <span class='ocrx_word' id='word_1_111' title='bbox 1150 971 1277 1020; x_wconf 89' lang='lat' dir='ltr'>mori;</span> <span class='ocrx_word' id='word_1_112' title='bbox 1313 971 1414 1013; x_wconf 91' lang='lat' dir='ltr'>Illos</span> <span class='ocrx_word' id='word_1_113' title='bbox 1427 973 1496 1029; x_wconf 89' lang='lat' dir='ltr'>ju-</span> 
     </span>
     <span class='ocr_line' id='line_1_14' title="bbox 103 1038 1499 1095; baseline 0.002 -16"><span class='ocrx_word' id='word_1_114' title='bbox 103 1038 259 1080; x_wconf 82' lang='lat' dir='ltr'>dicasse</span> <span class='ocrx_word' id='word_1_115' title='bbox 283 1038 358 1092; x_wconf 90' lang='lat' dir='ltr'>(sic</span> <span class='ocrx_word' id='word_1_116' title='bbox 378 1038 486 1079; x_wconf 88' lang='lat' dir='ltr'>enim</span> <span class='ocrx_word' id='word_1_117' title='bbox 509 1039 650 1080; x_wconf 87' lang='lat' dir='ltr'>scribit</span> <span class='ocrx_word' id='word_1_118' title='bbox 672 1039 850 1094; x_wconf 88' lang='lat' dir='ltr'>Hosius)</span> <span class='ocrx_word' id='word_1_119' title='bbox 866 1038 1014 1095; x_wconf 88' lang='lat' dir='ltr'>judicii</span> <span class='ocrx_word' id='word_1_120' title='bbox 1035 1039 1274 1088; x_wconf 88' lang='lat' dir='ltr'>veritatem;</span> <span class='ocrx_word' id='word_1_121' title='bbox 1314 1041 1499 1083; x_wconf 87' lang='lat' dir='ltr'>omnino-</span> 
     </span>
     <span class='ocr_line' id='line_1_15' title="bbox 104 1106 1495 1163; baseline 0.003 -17"><span class='ocrx_word' id='word_1_122' title='bbox 104 1118 187 1161; x_wconf 86' lang='lat' dir='ltr'>que</span> <span class='ocrx_word' id='word_1_123' title='bbox 201 1107 365 1162; x_wconf 85' lang='lat' dir='ltr'>justum</span> <span class='ocrx_word' id='word_1_124' title='bbox 385 1106 511 1147; x_wconf 88' lang='lat' dir='ltr'>fuisse</span> <span class='ocrx_word' id='word_1_125' title='bbox 531 1106 637 1147; x_wconf 89' lang='lat' dir='ltr'>illud</span> <span class='ocrx_word' id='word_1_126' title='bbox 657 1107 884 1157; x_wconf 86' lang='lat' dir='ltr'>decretum,</span> <span class='ocrx_word' id='word_1_127' title='bbox 903 1123 987 1163; x_wconf 88' lang='lat' dir='ltr'>quo</span> <span class='ocrx_word' id='word_1_128' title='bbox 1007 1107 1059 1148; x_wconf 86' lang='lat' dir='ltr'>ab</span> <span class='ocrx_word' id='word_1_129' title='bbox 1079 1107 1158 1148; x_wconf 88' lang='lat' dir='ltr'>illis</span> <span class='ocrx_word' id='word_1_130' title='bbox 1177 1109 1495 1163; x_wconf 81' lang='lat' dir='ltr'>pronunciatum</span> 
     </span>
     <span class='ocr_line' id='line_1_16' title="bbox 104 1174 1495 1231; baseline 0.002 -17"><span class='ocrx_word' id='word_1_131' title='bbox 104 1182 181 1224; x_wconf 89' lang='lat' dir='ltr'>est,</span> <span class='ocrx_word' id='word_1_132' title='bbox 215 1174 429 1215; x_wconf 87' lang='lat' dir='ltr'>Christum</span> <span class='ocrx_word' id='word_1_133' title='bbox 466 1174 640 1230; x_wconf 89' lang='lat' dir='ltr'>dignum</span> <span class='ocrx_word' id='word_1_134' title='bbox 677 1190 762 1216; x_wconf 89' lang='lat' dir='ltr'>esse</span> <span class='ocrx_word' id='word_1_135' title='bbox 796 1175 870 1231; x_wconf 91' lang='lat' dir='ltr'>qui</span> <span class='ocrx_word' id='word_1_136' title='bbox 900 1184 1142 1216; x_wconf 86' lang='lat' dir='ltr'>moreretur.</span> <span class='ocrx_word' id='word_1_137' title='bbox 1206 1176 1366 1216; x_wconf 90' lang='lat' dir='ltr'>Mirum</span> <span class='ocrx_word' id='word_1_138' title='bbox 1397 1193 1495 1218; x_wconf 90' lang='lat' dir='ltr'>vero</span> 
     </span>
     <span class='ocr_line' id='line_1_17' title="bbox 102 1241 1494 1300; baseline 0.003 -18"><span class='ocrx_word' id='word_1_139' title='bbox 102 1251 177 1293; x_wconf 86' lang='lat' dir='ltr'>est,</span> <span class='ocrx_word' id='word_1_140' title='bbox 208 1257 290 1282; x_wconf 93' lang='lat' dir='ltr'>non</span> <span class='ocrx_word' id='word_1_141' title='bbox 325 1257 444 1298; x_wconf 90' lang='lat' dir='ltr'>posse</span> <span class='ocrx_word' id='word_1_142' title='bbox 477 1241 576 1284; x_wconf 89' lang='lat' dir='ltr'>istos</span> <span class='ocrx_word' id='word_1_143' title='bbox 606 1258 682 1299; x_wconf 88' lang='lat' dir='ltr'>pro</span> <span class='ocrx_word' id='word_1_144' title='bbox 712 1258 754 1284; x_wconf 89' lang='lat' dir='ltr'>se</span> <span class='ocrx_word' id='word_1_145' title='bbox 784 1243 934 1293; x_wconf 88' lang='lat' dir='ltr'>dicere,</span> <span class='ocrx_word' id='word_1_146' title='bbox 965 1252 1006 1284; x_wconf 89' lang='lat' dir='ltr'>et</span> <span class='ocrx_word' id='word_1_147' title='bbox 1035 1258 1300 1300; x_wconf 87' lang='lat' dir='ltr'>propugnare</span> <span class='ocrx_word' id='word_1_148' title='bbox 1329 1260 1494 1286; x_wconf 89' lang='lat' dir='ltr'>causam</span> 
     </span>
     <span class='ocr_line' id='line_1_18' title="bbox 105 1309 1491 1367; baseline 0.003 -18"><span class='ocrx_word' id='word_1_149' title='bbox 105 1325 237 1360; x_wconf 88' lang='lat' dir='ltr'>suam,</span> <span class='ocrx_word' id='word_1_150' title='bbox 273 1309 350 1350; x_wconf 88' lang='lat' dir='ltr'>nisi</span> <span class='ocrx_word' id='word_1_151' title='bbox 392 1325 475 1351; x_wconf 87' lang='lat' dir='ltr'>una</span> <span class='ocrx_word' id='word_1_152' title='bbox 513 1310 636 1351; x_wconf 90' lang='lat' dir='ltr'>etiam</span> <span class='ocrx_word' id='word_1_153' title='bbox 679 1311 814 1352; x_wconf 83' lang='lat' dir='ltr'>Annae</span> <span class='ocrx_word' id='word_1_154' title='bbox 857 1310 1137 1366; x_wconf 86' lang='lat' dir='ltr'>Caiaphaeque</span> <span class='ocrx_word' id='word_1_155' title='bbox 1171 1312 1491 1367; x_wconf 82' lang='lat' dir='ltr'>patrocinentur.</span> 
     </span>
     <span class='ocr_line' id='line_1_19' title="bbox 106 1377 1494 1434; baseline 0.003 -17"><span class='ocrx_word' id='word_1_156' title='bbox 106 1378 216 1418; x_wconf 90' lang='lat' dir='ltr'>Nam</span> <span class='ocrx_word' id='word_1_157' title='bbox 237 1377 310 1433; x_wconf 91' lang='lat' dir='ltr'>qui</span> <span class='ocrx_word' id='word_1_158' title='bbox 330 1377 434 1418; x_wconf 89' lang='lat' dir='ltr'>illud</span> <span class='ocrx_word' id='word_1_159' title='bbox 454 1377 590 1433; x_wconf 91' lang='lat' dir='ltr'>ipsum</span> <span class='ocrx_word' id='word_1_160' title='bbox 612 1377 859 1430; x_wconf 85' lang='lat' dir='ltr'>Concilium,</span> <span class='ocrx_word' id='word_1_161' title='bbox 879 1377 921 1418; x_wconf 92' lang='lat' dir='ltr'>in</span> <span class='ocrx_word' id='word_1_162' title='bbox 942 1394 1026 1434; x_wconf 92' lang='lat' dir='ltr'>quo</span> <span class='ocrx_word' id='word_1_163' title='bbox 1047 1378 1180 1419; x_wconf 85' lang='lat' dir='ltr'>Filius</span> <span class='ocrx_word' id='word_1_164' title='bbox 1209 1379 1290 1419; x_wconf 88' lang='lat' dir='ltr'>Dei</span> <span class='ocrx_word' id='word_1_165' title='bbox 1320 1380 1373 1420; x_wconf 91' lang='lat' dir='ltr'>ad</span> <span class='ocrx_word' id='word_1_166' title='bbox 1403 1396 1494 1422; x_wconf 89' lang='lat' dir='ltr'>cru-</span> 
     </span>
     <span class='ocr_line' id='line_1_20' title="bbox 101 1445 1494 1502; baseline 0.002 -17"><span class='ocrx_word' id='word_1_167' title='bbox 101 1460 190 1485; x_wconf 90' lang='lat' dir='ltr'>cem</span> <span class='ocrx_word' id='word_1_168' title='bbox 210 1445 591 1501; x_wconf 83' lang='lat' dir='ltr'>ignominiosissime</span> <span class='ocrx_word' id='word_1_169' title='bbox 611 1446 908 1487; x_wconf 88' lang='lat' dir='ltr'>condemnatus</span> <span class='ocrx_word' id='word_1_170' title='bbox 929 1457 1003 1496; x_wconf 87' lang='lat' dir='ltr'>est,</span> <span class='ocrx_word' id='word_1_171' title='bbox 1025 1446 1254 1502; x_wconf 89' lang='lat' dir='ltr'>legitimum</span> <span class='ocrx_word' id='word_1_172' title='bbox 1276 1446 1413 1488; x_wconf 90' lang='lat' dir='ltr'>dicent</span> <span class='ocrx_word' id='word_1_173' title='bbox 1428 1448 1494 1488; x_wconf 90' lang='lat' dir='ltr'>fu-</span> 
     </span>
     <span class='ocr_line' id='line_1_21' title="bbox 100 1510 1492 1569; baseline 0.004 -18"><span class='ocrx_word' id='word_1_174' title='bbox 100 1510 176 1552; x_wconf 89' lang='lat' dir='ltr'>isse</span> <span class='ocrx_word' id='word_1_175' title='bbox 196 1527 243 1553; x_wconf 90' lang='lat' dir='ltr'>ac</span> <span class='ocrx_word' id='word_1_176' title='bbox 262 1513 456 1568; x_wconf 85' lang='lat' dir='ltr'>probum,</span> <span class='ocrx_word' id='word_1_177' title='bbox 478 1514 590 1569; x_wconf 93' lang='lat' dir='ltr'>quod</span> <span class='ocrx_word' id='word_1_178' title='bbox 614 1512 781 1553; x_wconf 88' lang='lat' dir='ltr'>tandem</span> <span class='ocrx_word' id='word_1_179' title='bbox 809 1512 867 1553; x_wconf 89' lang='lat' dir='ltr'>illi</span> <span class='ocrx_word' id='word_1_180' title='bbox 894 1512 1126 1554; x_wconf 87' lang='lat' dir='ltr'>Concilium</span> <span class='ocrx_word' id='word_1_181' title='bbox 1157 1513 1376 1555; x_wconf 87' lang='lat' dir='ltr'>decernent</span> <span class='ocrx_word' id='word_1_182' title='bbox 1406 1530 1492 1556; x_wconf 88' lang='lat' dir='ltr'>esse</span> 
     </span>
     <span class='ocr_line' id='line_1_22' title="bbox 104 1579 1490 1636; baseline 0.003 -17"><span class='ocrx_word' id='word_1_183' title='bbox 104 1579 328 1620; x_wconf 84' lang='lat' dir='ltr'>vitiosum?</span> <span class='ocrx_word' id='word_1_184' title='bbox 361 1581 524 1620; x_wconf 88' lang='lat' dir='ltr'>Tamen</span> <span class='ocrx_word' id='word_1_185' title='bbox 544 1580 683 1636; x_wconf 86' lang='lat' dir='ltr'>qualia</span> <span class='ocrx_word' id='word_1_186' title='bbox 704 1589 800 1621; x_wconf 89' lang='lat' dir='ltr'>sunt</span> <span class='ocrx_word' id='word_1_187' title='bbox 819 1579 991 1621; x_wconf 89' lang='lat' dir='ltr'>istorum</span> <span class='ocrx_word' id='word_1_188' title='bbox 1014 1580 1199 1622; x_wconf 89' lang='lat' dir='ltr'>Concilia</span> <span class='ocrx_word' id='word_1_189' title='bbox 1225 1582 1310 1622; x_wconf 87' lang='lat' dir='ltr'>fere</span> <span class='ocrx_word' id='word_1_190' title='bbox 1339 1582 1490 1632; x_wconf 86' lang='lat' dir='ltr'>omnia,</span> 
     </span>
     <span class='ocr_line' id='line_1_23' title="bbox 104 1645 1492 1703; baseline 0.003 -17"><span class='ocrx_word' id='word_1_191' title='bbox 104 1661 264 1687; x_wconf 86' lang='lat' dir='ltr'>necesse</span> <span class='ocrx_word' id='word_1_192' title='bbox 294 1645 372 1686; x_wconf 90' lang='lat' dir='ltr'>illis</span> <span class='ocrx_word' id='word_1_193' title='bbox 407 1646 502 1697; x_wconf 86' lang='lat' dir='ltr'>fuit,</span> <span class='ocrx_word' id='word_1_194' title='bbox 535 1656 582 1688; x_wconf 90' lang='lat' dir='ltr'>ut</span> <span class='ocrx_word' id='word_1_195' title='bbox 616 1646 693 1688; x_wconf 86' lang='lat' dir='ltr'>ista</span> <span class='ocrx_word' id='word_1_196' title='bbox 728 1647 780 1688; x_wconf 91' lang='lat' dir='ltr'>de</span> <span class='ocrx_word' id='word_1_197' title='bbox 812 1647 1021 1702; x_wconf 83' lang='lat' dir='ltr'>Caiaphae‚</span> <span class='ocrx_word' id='word_1_198' title='bbox 1054 1649 1276 1703; x_wconf 87' lang='lat' dir='ltr'>Annaeque</span> <span class='ocrx_word' id='word_1_199' title='bbox 1307 1649 1492 1690; x_wconf 88' lang='lat' dir='ltr'>Concilio</span> 
     </span>
     <span class='ocr_line' id='line_1_24' title="bbox 103 1713 1491 1769; baseline 0.003 -16"><span class='ocrx_word' id='word_1_200' title='bbox 103 1713 430 1769; x_wconf 88' lang='lat' dir='ltr'>pronuntiarent.</span> <span class='ocrx_word' id='word_1_201' title='bbox 493 1715 663 1765; x_wconf 90' lang='lat' dir='ltr'>Verum,</span> <span class='ocrx_word' id='word_1_202' title='bbox 694 1729 747 1755; x_wconf 89' lang='lat' dir='ltr'>an</span> <span class='ocrx_word' id='word_1_203' title='bbox 782 1714 847 1755; x_wconf 89' lang='lat' dir='ltr'>isti</span> <span class='ocrx_word' id='word_1_204' title='bbox 884 1714 1109 1755; x_wconf 89' lang='lat' dir='ltr'>Ecclesiam</span> <span class='ocrx_word' id='word_1_205' title='bbox 1145 1715 1262 1756; x_wconf 88' lang='lat' dir='ltr'>nobis</span> <span class='ocrx_word' id='word_1_206' title='bbox 1291 1715 1491 1757; x_wconf 83' lang='lat' dir='ltr'>instaura-</span> 
     </span>
     <span class='ocr_line' id='line_1_25' title="bbox 104 1781 1491 1839; baseline 0.003 -18"><span class='ocrx_word' id='word_1_207' title='bbox 104 1782 225 1833; x_wconf 88' lang='lat' dir='ltr'>bunt,</span> <span class='ocrx_word' id='word_1_208' title='bbox 254 1781 377 1822; x_wconf 87' lang='lat' dir='ltr'>iidem</span> <span class='ocrx_word' id='word_1_209' title='bbox 410 1781 489 1838; x_wconf 87' lang='lat' dir='ltr'>ipsi</span> <span class='ocrx_word' id='word_1_210' title='bbox 519 1783 548 1822; x_wconf 86' lang='lat' dir='ltr'><strong>J</strong></span> <span class='ocrx_word' id='word_1_211' title='bbox 554 1782 706 1832; x_wconf 88' lang='lat' dir='ltr'>udices,</span> <span class='ocrx_word' id='word_1_212' title='bbox 738 1782 945 1839; x_wconf 88' lang='lat' dir='ltr'>iidemque</span> <span class='ocrx_word' id='word_1_213' title='bbox 975 1782 1063 1823; x_wconf 85' lang='lat' dir='ltr'>rei?</span> <span class='ocrx_word' id='word_1_214' title='bbox 1105 1785 1178 1824; x_wconf 92' lang='lat' dir='ltr'>An</span> <span class='ocrx_word' id='word_1_215' title='bbox 1208 1783 1274 1824; x_wconf 90' lang='lat' dir='ltr'>isti</span> <span class='ocrx_word' id='word_1_216' title='bbox 1304 1783 1491 1826; x_wconf 90' lang='lat' dir='ltr'>minuent</span> 
     </span>
     <span class='ocr_line' id='line_1_26' title="bbox 103 1849 1489 1908; baseline 0.003 -19"><span class='ocrx_word' id='word_1_217' title='bbox 103 1849 368 1890; x_wconf 85' lang='lat' dir='ltr'>ambitionem</span> <span class='ocrx_word' id='word_1_218' title='bbox 389 1849 626 1906; x_wconf 88' lang='lat' dir='ltr'>fastumque</span> <span class='ocrx_word' id='word_1_219' title='bbox 653 1853 806 1891; x_wconf 83' lang='lat' dir='ltr'>suum?</span> <span class='ocrx_word' id='word_1_220' title='bbox 848 1851 921 1891; x_wconf 88' lang='lat' dir='ltr'>An</span> <span class='ocrx_word' id='word_1_221' title='bbox 951 1850 1029 1906; x_wconf 90' lang='lat' dir='ltr'>ipsi</span> <span class='ocrx_word' id='word_1_222' title='bbox 1060 1851 1212 1907; x_wconf 90' lang='lat' dir='ltr'>seipsos</span> <span class='ocrx_word' id='word_1_223' title='bbox 1241 1851 1416 1908; x_wconf 86' lang='lat' dir='ltr'>ejicient,</span> <span class='ocrx_word' id='word_1_224' title='bbox 1437 1867 1489 1893; x_wconf 85' lang='lat' dir='ltr'>an</span> 
     </span>
     <span class='ocr_line' id='line_1_27' title="bbox 103 1916 1489 1973; baseline 0.002 -17"><span class='ocrx_word' id='word_1_225' title='bbox 103 1924 245 1956; x_wconf 87' lang='lat' dir='ltr'>contra</span> <span class='ocrx_word' id='word_1_226' title='bbox 264 1932 305 1957; x_wconf 88' lang='lat' dir='ltr'>se</span> <span class='ocrx_word' id='word_1_227' title='bbox 325 1916 458 1957; x_wconf 88' lang='lat' dir='ltr'>ferent</span> <span class='ocrx_word' id='word_1_228' title='bbox 479 1917 735 1967; x_wconf 85' lang='lat' dir='ltr'>sententiam,</span> <span class='ocrx_word' id='word_1_229' title='bbox 758 1932 809 1957; x_wconf 89' lang='lat' dir='ltr'>ne</span> <span class='ocrx_word' id='word_1_230' title='bbox 830 1917 1025 1973; x_wconf 86' lang='lat' dir='ltr'>Episcopi</span> <span class='ocrx_word' id='word_1_231' title='bbox 1047 1916 1127 1958; x_wconf 87' lang='lat' dir='ltr'>sint</span> <span class='ocrx_word' id='word_1_232' title='bbox 1141 1916 1308 1969; x_wconf 87' lang='lat' dir='ltr'>indocti,</span> <span class='ocrx_word' id='word_1_233' title='bbox 1326 1933 1377 1959; x_wconf 91' lang='lat' dir='ltr'>ne</span> <span class='ocrx_word' id='word_1_234' title='bbox 1393 1934 1489 1959; x_wconf 90' lang='lat' dir='ltr'>ven-</span> 
     </span>
     <span class='ocr_line' id='line_1_28' title="bbox 103 1983 1488 2040; baseline 0.001 -17"><span class='ocrx_word' id='word_1_235' title='bbox 103 1992 184 2023; x_wconf 88' lang='lat' dir='ltr'>tres</span> <span class='ocrx_word' id='word_1_236' title='bbox 204 1983 326 2039; x_wconf 84' lang='lat' dir='ltr'>pigri,</span> <span class='ocrx_word' id='word_1_237' title='bbox 348 1999 400 2024; x_wconf 87' lang='lat' dir='ltr'>ne</span> <span class='ocrx_word' id='word_1_238' title='bbox 419 1984 633 2025; x_wconf 88' lang='lat' dir='ltr'>cumulent</span> <span class='ocrx_word' id='word_1_239' title='bbox 654 1983 892 2035; x_wconf 85' lang='lat' dir='ltr'>sacerdotia,</span> <span class='ocrx_word' id='word_1_240' title='bbox 913 1999 964 2024; x_wconf 89' lang='lat' dir='ltr'>ne</span> <span class='ocrx_word' id='word_1_241' title='bbox 983 1992 1130 2039; x_wconf 83' lang='lat' dir='ltr'>gerant</span> <span class='ocrx_word' id='word_1_242' title='bbox 1157 2000 1199 2025; x_wconf 89' lang='lat' dir='ltr'>se</span> <span class='ocrx_word' id='word_1_243' title='bbox 1225 2000 1301 2040; x_wconf 92' lang='lat' dir='ltr'>pro</span> <span class='ocrx_word' id='word_1_244' title='bbox 1331 1984 1488 2025; x_wconf 88' lang='lat' dir='ltr'>Princi-</span> 
     </span>
     <span class='ocr_line' id='line_1_29' title="bbox 101 2048 1489 2106; baseline 0.001 -17"><span class='ocrx_word' id='word_1_245' title='bbox 101 2048 237 2104; x_wconf 88' lang='lat' dir='ltr'>pibus,</span> <span class='ocrx_word' id='word_1_246' title='bbox 260 2065 310 2090; x_wconf 90' lang='lat' dir='ltr'>ne</span> <span class='ocrx_word' id='word_1_247' title='bbox 330 2050 439 2091; x_wconf 89' lang='lat' dir='ltr'>bella</span> <span class='ocrx_word' id='word_1_248' title='bbox 457 2054 633 2106; x_wconf 82' lang='lat' dir='ltr'>gerant?</span> <span class='ocrx_word' id='word_1_249' title='bbox 665 2052 738 2091; x_wconf 87' lang='lat' dir='ltr'>An</span> <span class='ocrx_word' id='word_1_250' title='bbox 766 2050 901 2091; x_wconf 89' lang='lat' dir='ltr'>dilecti</span> <span class='ocrx_word' id='word_1_251' title='bbox 932 2050 1181 2092; x_wconf 89' lang='lat' dir='ltr'>Pontificum</span> <span class='ocrx_word' id='word_1_252' title='bbox 1208 2050 1322 2092; x_wconf 87' lang='lat' dir='ltr'>filioli</span> <span class='ocrx_word' id='word_1_253' title='bbox 1343 2051 1489 2091; x_wconf 84' lang='lat' dir='ltr'>Abba-</span> 
     </span>
     <span class='ocr_line' id='line_1_30' title="bbox 101 2117 1487 2174; baseline 0.001 -16"><span class='ocrx_word' id='word_1_254' title='bbox 101 2125 161 2157; x_wconf 87' lang='lat' dir='ltr'>tes</span> <span class='ocrx_word' id='word_1_255' title='bbox 191 2117 425 2170; x_wconf 90' lang='lat' dir='ltr'>decernent,</span> <span class='ocrx_word' id='word_1_256' title='bbox 447 2119 720 2169; x_wconf 90' lang='lat' dir='ltr'>Monachum,</span> <span class='ocrx_word' id='word_1_257' title='bbox 742 2118 814 2174; x_wconf 85' lang='lat' dir='ltr'>qui</span> <span class='ocrx_word' id='word_1_258' title='bbox 845 2134 919 2159; x_wconf 92' lang='lat' dir='ltr'>suo</span> <span class='ocrx_word' id='word_1_259' title='bbox 950 2118 1025 2159; x_wconf 90' lang='lat' dir='ltr'>sibi</span> <span class='ocrx_word' id='word_1_260' title='bbox 1055 2118 1193 2160; x_wconf 88' lang='lat' dir='ltr'>labore</span> <span class='ocrx_word' id='word_1_261' title='bbox 1220 2118 1372 2159; x_wconf 88' lang='lat' dir='ltr'>victum</span> <span class='ocrx_word' id='word_1_262' title='bbox 1404 2134 1487 2159; x_wconf 91' lang='lat' dir='ltr'>non</span> 
     </span>
     <span class='ocr_line' id='line_1_31' title="bbox 101 2184 1487 2239; baseline 0.001 -15"><span class='ocrx_word' id='word_1_263' title='bbox 101 2193 262 2239; x_wconf 87' lang='lat' dir='ltr'>quaerat</span> <span class='ocrx_word' id='word_1_264' title='bbox 282 2184 482 2226; x_wconf 89' lang='lat' dir='ltr'>latronem</span> <span class='ocrx_word' id='word_1_265' title='bbox 503 2188 619 2227; x_wconf 86' lang='lat' dir='ltr'>esse?</span> <span class='ocrx_word' id='word_1_266' title='bbox 650 2187 744 2227; x_wconf 88' lang='lat' dir='ltr'>Aut</span> <span class='ocrx_word' id='word_1_267' title='bbox 764 2186 826 2226; x_wconf 88' lang='lat' dir='ltr'>fas</span> <span class='ocrx_word' id='word_1_268' title='bbox 846 2185 903 2226; x_wconf 89' lang='lat' dir='ltr'>illi</span> <span class='ocrx_word' id='word_1_269' title='bbox 924 2201 1004 2226; x_wconf 92' lang='lat' dir='ltr'>non</span> <span class='ocrx_word' id='word_1_270' title='bbox 1026 2202 1125 2236; x_wconf 86' lang='lat' dir='ltr'>esse,</span> <span class='ocrx_word' id='word_1_271' title='bbox 1148 2201 1220 2227; x_wconf 87' lang='lat' dir='ltr'>nec</span> <span class='ocrx_word' id='word_1_272' title='bbox 1247 2185 1289 2226; x_wconf 89' lang='lat' dir='ltr'>in</span> <span class='ocrx_word' id='word_1_273' title='bbox 1315 2186 1487 2227; x_wconf 84' lang='lat' dir='ltr'>civitati-</span> 
     </span>
     <span class='ocr_line' id='line_1_32' title="bbox 100 2250 1485 2308; baseline 0.001 -17"><span class='ocrx_word' id='word_1_274' title='bbox 100 2250 193 2302; x_wconf 89' lang='lat' dir='ltr'>bus,</span> <span class='ocrx_word' id='word_1_275' title='bbox 210 2267 284 2292; x_wconf 91' lang='lat' dir='ltr'>nec</span> <span class='ocrx_word' id='word_1_276' title='bbox 305 2251 348 2292; x_wconf 92' lang='lat' dir='ltr'>in</span> <span class='ocrx_word' id='word_1_277' title='bbox 368 2252 506 2302; x_wconf 87' lang='lat' dir='ltr'>turba,</span> <span class='ocrx_word' id='word_1_278' title='bbox 523 2268 596 2293; x_wconf 90' lang='lat' dir='ltr'>nec</span> <span class='ocrx_word' id='word_1_279' title='bbox 617 2268 668 2293; x_wconf 85' lang='lat' dir='ltr'>ex</span> <span class='ocrx_word' id='word_1_280' title='bbox 683 2252 816 2293; x_wconf 83' lang='lat' dir='ltr'>alieno</span> <span class='ocrx_word' id='word_1_281' title='bbox 831 2251 991 2299; x_wconf 77' lang='lat' dir='ltr'>vivere3</span> <span class='ocrx_word' id='word_1_282' title='bbox 1024 2261 1212 2308; x_wconf 89' lang='lat' dir='ltr'>oportere</span> <span class='ocrx_word' id='word_1_283' title='bbox 1229 2252 1485 2293; x_wconf 87' lang='lat' dir='ltr'>Monachum</span> 
     </span>
     <span class='ocr_line' id='line_1_33' title="bbox 101 2317 1486 2366; baseline 0.001 -8"><span class='ocrx_word' id='word_1_284' title='bbox 101 2317 218 2358; x_wconf 89' lang='lat' dir='ltr'>humi</span> <span class='ocrx_word' id='word_1_285' title='bbox 238 2319 414 2366; x_wconf 75' lang='lat' dir='ltr'>cubare3</span> <span class='ocrx_word' id='word_1_286' title='bbox 446 2319 633 2360; x_wconf 88' lang='lat' dir='ltr'>olusculo</span> <span class='ocrx_word' id='word_1_287' title='bbox 653 2329 694 2360; x_wconf 89' lang='lat' dir='ltr'>et</span> <span class='ocrx_word' id='word_1_288' title='bbox 714 2319 912 2360; x_wconf 88' lang='lat' dir='ltr'>ciceribus</span> <span class='ocrx_word' id='word_1_289' title='bbox 933 2319 1039 2360; x_wconf 87' lang='lat' dir='ltr'>tueri</span> <span class='ocrx_word' id='word_1_290' title='bbox 1060 2319 1211 2366; x_wconf 79' lang='lat' dir='ltr'>vitam;</span> <span class='ocrx_word' id='word_1_291' title='bbox 1250 2319 1486 2360; x_wconf 87' lang='lat' dir='ltr'>incumbere</span> 
     </span>
     <span class='ocr_line' id='line_1_34' title="bbox 101 2383 1486 2442; baseline 0.001 -18"><span class='ocrx_word' id='word_1_292' title='bbox 101 2383 241 2434; x_wconf 88' lang='lat' dir='ltr'>literis,</span> <span class='ocrx_word' id='word_1_293' title='bbox 270 2385 655 2441; x_wconf 40' lang='lat' dir='ltr'>disputaresorare,</span> <span class='ocrx_word' id='word_1_294' title='bbox 688 2402 793 2442; x_wconf 89' lang='lat' dir='ltr'>opus</span> <span class='ocrx_word' id='word_1_295' title='bbox 822 2386 969 2435; x_wconf 86' lang='lat' dir='ltr'>facere,</span> <span class='ocrx_word' id='word_1_296' title='bbox 1000 2387 1053 2426; x_wconf 87' lang='lat' dir='ltr'>ad</span> <span class='ocrx_word' id='word_1_297' title='bbox 1082 2385 1278 2426; x_wconf 87' lang='lat' dir='ltr'>Ecclesiae</span> <span class='ocrx_word' id='word_1_298' title='bbox 1307 2385 1486 2426; x_wconf 90' lang='lat' dir='ltr'>ministe-</span> 
     </span>
     <span class='ocr_line' id='line_1_35' title="bbox 100 2451 1485 2510; baseline 0.003 -19"><span class='ocrx_word' id='word_1_299' title='bbox 100 2451 208 2492; x_wconf 89' lang='lat' dir='ltr'>rium</span> <span class='ocrx_word' id='word_1_300' title='bbox 231 2467 272 2493; x_wconf 90' lang='lat' dir='ltr'>se</span> <span class='ocrx_word' id='word_1_301' title='bbox 292 2457 467 2508; x_wconf 83' lang='lat' dir='ltr'>parare?</span> <span class='ocrx_word' id='word_1_302' title='bbox 499 2454 658 2495; x_wconf 88' lang='lat' dir='ltr'>Eadem</span> <span class='ocrx_word' id='word_1_303' title='bbox 679 2469 805 2510; x_wconf 86' lang='lat' dir='ltr'>opera</span> <span class='ocrx_word' id='word_1_304' title='bbox 826 2453 1023 2495; x_wconf 87' lang='lat' dir='ltr'>Pharisaei</span> <span class='ocrx_word' id='word_1_305' title='bbox 1043 2462 1084 2494; x_wconf 90' lang='lat' dir='ltr'>et</span> <span class='ocrx_word' id='word_1_306' title='bbox 1106 2453 1260 2494; x_wconf 85' lang='lat' dir='ltr'>Scribae</span> <span class='ocrx_word' id='word_1_307' title='bbox 1286 2453 1485 2495; x_wconf 89' lang='lat' dir='ltr'>instaura-</span> 
     </span>
     <span class='ocr_line' id='line_1_36' title="bbox 100 2519 1486 2576; baseline 0.001 -16"><span class='ocrx_word' id='word_1_308' title='bbox 100 2519 207 2560; x_wconf 90' lang='lat' dir='ltr'>bunt</span> <span class='ocrx_word' id='word_1_309' title='bbox 228 2519 429 2575; x_wconf 89' lang='lat' dir='ltr'>templum</span> <span class='ocrx_word' id='word_1_310' title='bbox 450 2520 544 2571; x_wconf 88' lang='lat' dir='ltr'>Dei,</span> <span class='ocrx_word' id='word_1_311' title='bbox 565 2529 606 2561; x_wconf 89' lang='lat' dir='ltr'>et</span> <span class='ocrx_word' id='word_1_312' title='bbox 626 2536 677 2562; x_wconf 86' lang='lat' dir='ltr'>ex</span> <span class='ocrx_word' id='word_1_313' title='bbox 699 2520 893 2576; x_wconf 86' lang='lat' dir='ltr'>spelunca</span> <span class='ocrx_word' id='word_1_314' title='bbox 911 2520 1116 2561; x_wconf 86' lang='lat' dir='ltr'>latronum</span> <span class='ocrx_word' id='word_1_315' title='bbox 1138 2519 1353 2562; x_wconf 89' lang='lat' dir='ltr'>restituent</span> <span class='ocrx_word' id='word_1_316' title='bbox 1369 2522 1486 2562; x_wconf 89' lang='lat' dir='ltr'>nobis</span> 
     </span>
     <span class='ocr_line' id='line_1_37' title="bbox 101 2587 500 2628; baseline 0 -1"><span class='ocrx_word' id='word_1_317' title='bbox 101 2587 270 2627; x_wconf 90' lang='lat' dir='ltr'>domum</span> <span class='ocrx_word' id='word_1_318' title='bbox 293 2587 500 2628; x_wconf 85' lang='lat' dir='ltr'>orationis.</span> 
     </span>
    </p>

    <p class='ocr_par' dir='ltr' id='par_1_3' title="bbox 101 2654 1484 2777">
     <span class='ocr_line' id='line_1_38' title="bbox 158 2654 1484 2711; baseline 0 -17"><span class='ocrx_word' id='word_1_319' title='bbox 158 2655 349 2695; x_wconf 86' lang='lat' dir='ltr'>Fuerunt</span> <span class='ocrx_word' id='word_1_320' title='bbox 369 2670 419 2695; x_wconf 87' lang='lat' dir='ltr'>ex</span> <span class='ocrx_word' id='word_1_321' title='bbox 440 2654 538 2710; x_wconf 88' lang='lat' dir='ltr'>ipsis</span> <span class='ocrx_word' id='word_1_322' title='bbox 558 2654 699 2710; x_wconf 90' lang='lat' dir='ltr'>aliqui,</span> <span class='ocrx_word' id='word_1_323' title='bbox 718 2654 789 2709; x_wconf 90' lang='lat' dir='ltr'>qui</span> <span class='ocrx_word' id='word_1_324' title='bbox 810 2669 965 2695; x_wconf 88' lang='lat' dir='ltr'>errores</span> <span class='ocrx_word' id='word_1_325' title='bbox 987 2655 1029 2694; x_wconf 87' lang='lat' dir='ltr'>in</span> <span class='ocrx_word' id='word_1_326' title='bbox 1050 2654 1235 2696; x_wconf 87' lang='lat' dir='ltr'>Ecclesia</span> <span class='ocrx_word' id='word_1_327' title='bbox 1254 2655 1484 2711; x_wconf 80' lang='lat' dir='ltr'>complures</span> 
     </span>
     <span class='ocr_line' id='line_1_39' title="bbox 101 2720 1484 2777; baseline 0.002 -18"><span class='ocrx_word' id='word_1_328' title='bbox 101 2720 470 2776; x_wconf 78' lang='lat' dir='ltr'>deprehenderint3</span> <span class='ocrx_word' id='word_1_329' title='bbox 517 2721 730 2762; x_wconf 84' lang='lat' dir='ltr'>Adrianus</span> <span class='ocrx_word' id='word_1_330' title='bbox 771 2722 900 2776; x_wconf 85' lang='lat' dir='ltr'>Papa,</span> <span class='ocrx_word' id='word_1_331' title='bbox 939 2722 1094 2762; x_wconf 85' lang='lat' dir='ltr'>AEneas</span> <span class='ocrx_word' id='word_1_332' title='bbox 1137 2721 1315 2777; x_wconf 86' lang='lat' dir='ltr'>Sylvius,</span> <span class='ocrx_word' id='word_1_333' title='bbox 1358 2722 1484 2762; x_wconf 72' lang='lat' dir='ltr'>Polus</span> 
     </span>
    </p>
   </div>
   <div class='ocr_carea' id='block_1_3' title="bbox 162 2803 812 2831">
    <p class='ocr_par' dir='ltr' id='par_1_4' title="bbox 162 2803 812 2831">
     <span class='ocr_line' id='line_1_40' title="bbox 162 2803 812 2831; baseline 0.017 -2"><span class='ocrx_word' id='word_1_334' title='bbox 162 2805 256 2831; x_wconf 68' lang='lat' dir='ltr'>von.</span> <span class='ocrx_word' id='word_1_335' title='bbox 282 2805 308 2831; x_wconf 89' lang='lat'>1.</span> <span class='ocrx_word' id='word_1_336' title='bbox 782 2803 812 2829; x_wconf 82' lang='lat' dir='ltr'>N</span> 
     </span>
    </p>
   </div>
  </div>
 </body>
</html>
