1799 3077
443 130 680 172 NOELLI
714 130 1177 171 CATECHISMUS.
1425 134 1503 174 311

121 253 316 299 tanquam
339 243 392 284 ad
421 243 625 285 bonorum
650 243 835 284 omnium
857 242 1074 284 authorem
1095 251 1220 298 atque
1242 244 1395 284 fontem
1420 246 1508 285 uni-

119 327 229 362 cum,
251 321 268 341 e
283 311 413 353 solida
432 327 507 353 sua
524 311 657 368 gloria
676 311 832 361 redeat,
850 320 976 366 atque
996 310 1216 352 redundet.

179 381 243 421 M.
266 381 416 436 Ecqua
430 390 490 421 est
506 395 650 420 norma
664 388 790 435 atque
806 378 1075 436 praescriptio,
1093 393 1233 434 quam,
1248 379 1349 419 duni
1367 381 1505 421 Deum

119 447 250 504 gloria
270 457 311 490 et
329 448 484 489 honore
504 447 717 498 afficimus,
740 456 813 489 aut
831 447 889 488 illi
910 457 1047 504 grates
1065 446 1241 503 agimUS,
1263 459 1374 488 certo
1394 449 1507 504 sequi

120 531 340 572 possumus
353 518 369 556 ?

178 585 233 624 A.
268 584 506 624 Innumerae
528 584 609 625 Dei
637 584 780 625 laudes
806 583 954 641 passim
976 583 1017 624 in
1038 584 1127 639 ejus
1146 584 1274 625 verbo
1294 583 1510 639 descriptae

120 661 277 702 extant,
309 667 334 692 a
363 667 538 707 quarum
577 652 721 708 regula
755 653 787 693 si
824 667 904 693 non
938 652 1234 701 aberrabimus,
1268 651 1511 692 habebimus

121 719 236 775 quod
256 719 298 759 in
319 735 392 760 sua
414 720 506 760 Deo
535 719 667 775 gloria
687 729 728 760 et
757 719 912 760 honore
932 719 1169 768 deferendo,
1192 730 1318 775 atque
1347 719 1389 759 in
1419 735 1512 775 gra-

121 787 271 828 tiarum
291 787 450 828 actione
470 796 673 842 perpetuo
693 802 926 842 sequamur.
990 788 1041 827 In
1064 802 1224 827 summa
1244 802 1355 836 vero,
1378 802 1510 842 quum

122 856 261 896 Deum
282 854 395 895 dnon
424 854 654 895 Dominum
686 854 833 903 solum,
858 854 926 894 sed
958 865 1116 910 patrem
1148 854 1271 895 etiam
1302 870 1348 895 ac
1378 870 1512 895 serva-

121 931 251 964 torem
283 931 470 963 nostrum
499 937 598 972 esse,
624 937 781 977 nosque
811 921 987 962 vicissim
1019 922 1109 977 ejus
1140 937 1227 963 esse
1247 922 1364 972 filios,
1386 932 1511 977 atque

121 1006 258 1032 servos
291 990 515 1046 Scripturae
551 991 685 1030 Sacrae
718 989 906 1039 doceant,
938 989 1217 1044 aequissimum
1249 998 1324 1039 est,
1355 990 1512 1031 evitam

123 1075 197 1100 nos
230 1074 393 1100 omnem
430 1057 730 1114 amplificandae
764 1056 874 1097 illius
907 1056 1051 1112 gloriae
1086 1057 1291 1107 addicere,
1323 1056 1511 1097 debitum

121 1127 199 1183 ipsi
223 1127 421 1168 honorem
451 1125 637 1175 reddere,
660 1139 755 1165 eum
776 1123 922 1174 colere,
944 1124 1116 1180 precari,
1140 1124 1338 1175 venerari,
1360 1124 1513 1180 gratias

122 1195 180 1235 illi
210 1203 412 1251 perpetuo
437 1202 478 1234 et
504 1193 656 1234 habere
676 1201 717 1233 et
737 1207 882 1248 agere;
916 1208 1047 1248 quum
1079 1193 1121 1233 in
1152 1193 1263 1234 hunc
1284 1192 1431 1233 ffinem
1459 1194 1512 1233 ab

123 1279 172 1304 eo
199 1262 352 1304 conditi
383 1262 523 1311 simus,
545 1270 586 1301 et
616 1260 656 1301 in
689 1260 766 1301 hoc
796 1260 953 1301 mundo
983 1260 1183 1310 collocati,
1205 1270 1253 1302 ut
1273 1261 1514 1302 immortalis

123 1331 252 1387 ipsius
278 1330 409 1387 gloria
439 1329 696 1386 splendorem
718 1328 824 1369 inter
844 1328 1036 1369 mortales
1056 1329 1281 1370 maximum
1313 1329 1511 1379 obtinere,

125 1408 167 1441 et
186 1399 240 1440 ad
260 1412 462 1439 summam
484 1396 799 1453 amplitudinem
821 1396 1034 1454 pervenire
1054 1407 1202 1453 posset,

434 1526 618 1556 QUARTA
640 1526 765 1562 PARS,
789 1525 848 1552 DE
873 1525 1208 1553 SACRAMENTIS.

187 1605 250 1644 M.
284 1602 493 1643 Absoluta
506 1602 594 1658 jam
616 1602 742 1658 Legis
763 1601 942 1652 Divinae,
967 1601 1249 1658 Symbolique‚
1267 1600 1309 1641 id
1330 1610 1404 1651 est,
1422 1617 1516 1642 con-

128 1671 314 1714 fessionis
334 1670 594 1719 Christianae,
616 1669 861 1726 precationis
890 1669 1002 1719 item,
1024 1679 1065 1711 et
1094 1669 1319 1725 gratiarum
1348 1669 1517 1710 actionis

129 1738 384 1789 tractatione,
417 1742 602 1793 superest
625 1738 728 1793 jam,
753 1746 799 1778 ut
830 1738 882 1778 de
914 1737 1198 1787 Sacramentis,
1231 1737 1517 1794 mysteriisque

130 1806 308 1857 Divinis,
340 1822 435 1862 quae
470 1805 744 1862 precationem
781 1814 821 1846 et
860 1805 1087 1861 gratiarum
1123 1805 1324 1846 actionem
1359 1820 1518 1860 semper

129 1876 390 1932 conjunctam
420 1873 589 1924 habent,
612 1873 758 1914 ultimo
788 1873 877 1914 loco
897 1872 1073 1914 dicatur.
1136 1873 1216 1914 Dic
1247 1872 1375 1929 igitur
1401 1872 1515 1922 mihi,

129 1944 233 2001 quid
253 1952 314 1985 est
337 1944 645 1984 Sacramentum
661 1944 677 1982 ?

188 2014 244 2053 A.
276 2021 296 2050 g
309 2013 388 2052 Est
408 2019 578 2051 externa
598 2009 764 2051 Divinae
790 2025 888 2065 erga
915 2025 989 2050 nos
1014 2024 1088 2065 per
1109 2009 1324 2050 Christum
1345 2009 1519 2049 benevo-

131 2080 267 2122 lentiae
282 2078 644 2134 beneficentiaeque
667 2077 910 2127 testificatio,
929 2077 1045 2133 signo
1061 2076 1299 2133 aspectabili
1314 2092 1518 2127 arcanam,

132 2147 470 2204 spiritualemque
509 2146 683 2202 gratiam
724 2155 1034 2202 repraesentanS,
1072 2161 1156 2200 qua
1191 2145 1210 2173 h
1230 2144 1310 2185 Dei
1351 2144 1521 2200 promis-

134 2217 265 2257 siones
285 2215 336 2256 de
357 2214 591 2255 remissione
614 2225 892 2270 peccatorum,
916 2223 957 2254 et
977 2224 1132 2255 aeterna
1152 2213 1283 2254 salute
1308 2229 1381 2269 per
1402 2213 1522 2254 Chri-

134 2293 243 2324 stum
266 2283 376 2331 data,
399 2281 516 2337 quasi
542 2282 851 2338 consignantur,
874 2290 915 2322 et
934 2297 1076 2322 earum
1098 2281 1246 2322 veritas
1266 2281 1307 2321 in
1327 2281 1521 2322 cordibus

134 2351 283 2392 nostris
301 2350 451 2392 certius
471 2350 748 2390 confirmatur.

195 2421 257 2460 M.
293 2419 602 2459 Sacramentum
623 2427 727 2473 quot
747 2418 934 2473 partibus
954 2426 1113 2458 constat
1126 2420 1144 2457 ?

181 2565 193 2579 ⁶
218 2557 436 2588 Psal.cxv.1.
471 2556 553 2585 Mat.
569 2566 598 2585 v.
616 2555 664 2585 16.
702 2565 717 2586 z
735 2557 809 2586 Cor.
827 2556 868 2586 iv.
888 2564 935 2595 ¹5·
959 2556 1053 2596 ix.9,
1075 2567 1125 2594 11,
1147 2566 1197 2592 12,
1219 2566 1266 2594 ¹3·
1303 2566 1312 2586 ι
1334 2557 1400 2587 Pet.
1418 2556 1452 2586 ii.
1474 2566 1521 2586 12.

136 2613 151 2633 d
169 2613 265 2643 Deut.
282 2622 313 2641 x.
331 2618 380 2650 17,
400 2619 449 2640 20.
473 2609 582 2639 xxviii.
600 2609 651 2648 58.
677 2609 756 2639 Mal.
775 2610 794 2639 i.
815 2609 847 2646 6,
868 2616 896 2648 7.
921 2609 952 2638 ii.
973 2619 1017 2639 ιο.
1204 2615 1216 2629 e
1234 2610 1316 2640 Psal.
1333 2610 1425 2640 xxix.
1447 2619 1475 2646 1,
1494 2619 1520 2639 2.

139 2666 248 2696 xxxiv.
266 2675 295 2700 1,
314 2674 342 2694 2.
366 2663 440 2693 xcii.
460 2672 486 2692 1.
511 2661 576 2692 ciii.
595 2667 672 2692 toto.
696 2663 789 2693 Rom.
808 2673 859 2692 xv.
877 2661 907 2691 6.
1017 2661 1028 2681 s
1044 2663 1134 2692 Prov.
1151 2663 1215 2692 xvi.
1234 2671 1263 2700 4.
1290 2663 1375 2693 Esai.
1395 2662 1474 2692 xliii.
1495 2671 1521 2700 7.

140 2721 234 2751 Rom.
252 2719 294 2750 xi.
310 2719 363 2757 36.
388 2717 495 2748 colos.
513 2716 534 2746 i.
552 2716 598 2746 16.
667 2724 679 2742 S
698 2718 779 2747 Mat.
796 2716 841 2746 iii.
863 2725 909 2745 11.
933 2716 1019 2746 xxvi.
1040 2716 1088 2746 26.
1113 2716 1226 2746 xxviii.
1247 2727 1293 2756 ¹9·
1315 2717 1412 2746 δοκι).
1428 2716 1471 2745 iii,
1492 2726 1520 2754 5.

139 2774 153 2795 ¹⁸
173 2776 244 2805 Act.
262 2774 296 2804 ii.
309 2773 361 2811 38.
390 2772 481 2802 Rom.
494 2771 534 2800 vi.
547 2779 580 2808 3,
594 2779 622 2809 4.
651 2772 749 2801 1Cor.
767 2782 798 2802 x.
817 2769 863 2799 16.
882 2769 925 2798 xi.
942 2778 992 2808 24,
1008 2770 1065 2799 ἃς.
1091 2769 1283 2809 G÷21.·13i.27.
1306 2769 1521 2800 11'et.'1i'1.2‹.

793 2825 868 2864 x4
