1799 3077
529 113 760 154 JUELLI
793 113 1133 154 APOLOGIA.
1442 119 1523 159 121

87 239 92 242 ·
138 225 392 277 testimoniis,
415 235 456 266 et
482 225 708 267 multorum
737 226 969 267 seculorum
1000 225 1198 283 exemplis
1227 228 1523 281 confirmatam,

139 303 300 335 tantum
323 294 373 335 sit
394 293 528 335 rabies
548 294 741 350 quaedam
762 294 979 336 hominum
999 294 1244 346 furentium,
1266 306 1307 337 et
1322 298 1526 353 conspira-

136 361 193 403 tio
213 362 516 404 haereticorum.

194 430 414 472 Credimus
434 446 547 487 ergo,
569 446 695 472 unam
716 430 926 487 quandam
954 440 1145 472 naturam
1176 447 1261 473 esse
1291 440 1332 473 et
1352 432 1434 472 vim
1466 433 1528 474 ‹li-

134 498 287 549 vinam,
316 513 442 554 quam
472 498 729 555 appellamus
759 500 914 549 Deum,
943 514 1118 554 eamque
1147 498 1190 539 in
1221 507 1303 540 tres
1332 515 1527 556 personas

133 566 313 623 aequales
334 566 569 607 distinctam
590 582 689 617 esse,
711 567 753 607 in
779 568 963 618 Patrem,
985 566 1027 608 in
1056 567 1227 618 Filium,
1249 567 1292 608 in
1324 568 1525 624 Spiritum

136 637 347 685 Sanctum,
383 635 569 691 ejusdem
608 650 750 676 omnes
788 634 1018 691 potestatis,
1060 636 1245 692 ejusdem
1285 636 1525 693 majestatis,

133 703 318 759 ejusdem
349 702 604 754 aeternitatis,
634 702 820 758 ejusdem
851 702 1091 754 divinitatis,
1121 703 1305 760 ejusdem
1338 704 1526 745 substan-

134 771 213 812 tiae.
263 772 324 812 Et
345 770 535 826 quamvis
557 779 638 811 tres
658 770 738 811 illae
759 786 944 826 personae
966 771 1022 812 ita
1041 771 1244 813 distinctae
1266 773 1360 824 sint,
1383 782 1431 814 ut
1450 789 1526 815 nec

135 841 259 880 Pater
280 839 331 880 sit
353 838 500 888 Filius,
520 854 595 879 nec
618 839 751 879 Filius
779 838 830 879 sit
852 839 1030 895 Spiritus
1060 841 1235 882 Sanctus
1264 849 1338 882 aut
1369 843 1521 890 Pater;

133 909 273 949 Deum
295 916 433 948 tamen
454 922 539 948 esse
559 922 706 958 unum,
728 916 770 948 et
800 907 917 948 illum
948 922 1080 948 unum
1110 924 1266 950 creasse
1296 909 1461 961 coelum,
1484 919 1525 952 et

133 986 299 1026 terram,
321 984 363 1016 et
382 975 521 1016 omnia
541 991 637 1031 quae
657 975 750 1016 coeli
770 975 991 1032 complexu
1012 976 1287 1018 continentur.

190 1043 412 1086 Credimus
432 1045 462 1084 J
465 1059 581 1085 esum
603 1043 818 1085 Christum
840 1043 996 1085 Filium
1018 1044 1187 1085 unicum
1209 1046 1351 1086 aeterni
1372 1047 1522 1098 Patris,

131 1112 483 1168 quemadmodum
499 1113 588 1168 jam
608 1112 706 1153 olim
726 1123 822 1154 ante
842 1113 980 1154 omnia
998 1112 1116 1153 initia
1135 1113 1347 1155 decretum
1371 1114 1522 1165 fuerat,

130 1195 225 1221 cum
265 1179 443 1221 venisset
488 1179 708 1236 plenitudo
747 1180 959 1236 temporis,
1001 1179 1225 1236 suscepisse
1264 1196 1442 1233 carnem,
1482 1192 1524 1224 et

131 1263 294 1289 ornnem
316 1257 507 1290 naturam
529 1248 769 1299 humanam,
789 1263 841 1289 ex
862 1249 983 1289 beata
1002 1248 1072 1289 illa
1091 1259 1131 1290 et
1152 1264 1260 1305 pura
1280 1249 1452 1306 virgine,
1476 1260 1524 1292 ut

129 1315 329 1357 indicaret
347 1315 585 1357 hominibus
604 1331 810 1367 arcanam,
832 1325 873 1357 et
894 1315 1147 1357 reconditam
1166 1315 1422 1357 voluntatem
1445 1318 1523 1358 Pa-

131 1383 204 1424 tris
224 1384 301 1435 sui,
324 1400 419 1441 quae
439 1384 582 1425 abdita
604 1384 741 1425 fuerat
767 1400 792 1425 a
819 1384 965 1425 seculis
995 1393 1036 1425 et
1064 1383 1423 1440 generationibus;
1458 1395 1523 1426 ut-

129 1468 212 1508 que
231 1453 275 1493 in
303 1453 486 1493 humano
513 1468 684 1509 corpore
712 1462 930 1509 perageret
957 1452 1198 1509 mysterium
1230 1452 1523 1508 redemptionis

130 1529 294 1571 nostrae,
327 1530 368 1562 et
397 1531 565 1577 peccata
593 1530 747 1570 nostra,
780 1529 821 1562 et
852 1521 1130 1578 syngrapham
1160 1520 1272 1562 illam
1307 1536 1402 1576 quae
1435 1528 1523 1561 erat

131 1589 281 1644 scripta
300 1598 444 1629 contra
463 1604 552 1639 nos,
571 1588 755 1645 affigeret
775 1589 829 1630 ad
849 1604 1024 1630 crucem.

188 1658 302 1697 Eum
342 1656 548 1697 credimus
582 1665 723 1698 nostra
756 1672 880 1698 causa
912 1672 998 1698 esse
1032 1665 1260 1707 mortuum,
1295 1656 1518 1712 sepultum,

129 1724 384 1765 descendisse
403 1724 456 1765 ad
477 1724 643 1774 inferos,
666 1724 789 1766 tertia
807 1724 874 1765 die
894 1724 935 1765 vi
956 1724 1096 1766 divina
1115 1724 1282 1766 rediisse
1303 1724 1355 1765 ad
1377 1725 1519 1775 vitam,

129 1801 170 1833 et
188 1791 472 1842 resurrexisse,
495 1800 588 1848 post
608 1792 885 1849 quadraginta
911 1792 1012 1844 dies,
1035 1793 1316 1849 spectantibus
1343 1793 1521 1848 discipu-

129 1859 191 1911 lis,
213 1860 441 1901 ascendisse
461 1859 504 1900 in
525 1860 676 1902 coelum
698 1870 746 1902 ut
774 1861 963 1918 impleret
993 1861 1144 1912 omnia,
1166 1870 1206 1902 et
1236 1877 1386 1918 corpus
1415 1860 1521 1901 illud

128 1928 280 1984 ipsum,
300 1928 343 1969 in
363 1944 448 1984 quo
468 1937 605 1980 natus,
627 1929 669 1970 in
690 1944 776 1986 quo
795 1940 996 1981 versatus,
1018 1929 1060 1970 in
1084 1945 1170 1986 quo
1197 1929 1379 1971 ludibrio
1406 1928 1520 1969 habi-
1531 1937 1615 1986 Aug.
1631 1939 1721 1966 tract.

129 2004 210 2046 tus,
241 1995 284 2037 in
314 2012 399 2053 quo
428 1996 690 2053 gravissimos
720 1997 940 2048 cruciatus,
972 2008 1013 2038 et
1043 1997 1181 2038 dirum
1211 2013 1344 2054 genus
1378 1996 1521 2037 mortis
1533 1988 1629 2021 ⁵⁰³⁰
1645 1982 1736 2011 ³⁰⁸⁰·

129 2079 273 2120 passus
293 2065 443 2116 fuerat,
465 2065 507 2106 in
528 2081 613 2121 quo
633 2074 928 2116 resurrexerat,
949 2065 992 2106 in
1013 2081 1099 2121 quo
1119 2065 1357 2107 ascenderat
1377 2064 1431 2105 ad
1451 2079 1522 2120 pa-

128 2132 202 2173 tris
222 2133 450 2184 dexteram,
472 2149 599 2190 supra
625 2149 789 2175 omnem
819 2134 1098 2190 principatum
1130 2143 1170 2175 et
1200 2142 1459 2190 potestatem,
1481 2142 1523 2174 et

129 2201 341 2252 virtutem,
363 2210 405 2243 et
435 2201 771 2254 dominationem,
794 2212 835 2244 et
864 2218 986 2244 omne
1016 2218 1165 2243 nomen
1195 2203 1309 2258 quod
1340 2201 1523 2243 nomina-

131 2279 213 2320 tur,
237 2285 318 2311 non
341 2270 474 2311 solum
501 2270 544 2311 in
571 2271 649 2312 hoc
680 2271 831 2322 seculo,
855 2271 926 2312 sed
957 2271 1080 2312 etiam
1110 2271 1151 2311 in
1182 2271 1342 2320 futuro,
1364 2270 1406 2310 in
1436 2285 1522 2310 ma-

124 2339 274 2394 jestate
294 2348 335 2380 et
354 2338 486 2395 gloria
513 2339 754 2388 collocasse3
788 2339 845 2381 ibi
876 2355 971 2380 eum
1001 2355 1112 2380 nunc
1143 2339 1298 2389 sedere,
1321 2347 1362 2380 et
1392 2353 1522 2379 sessu-

130 2422 223 2447 rum
242 2422 342 2457 esse,
364 2407 494 2448 donec
522 2407 659 2448 omnia
684 2407 962 2463 perficiantur.
1023 2409 1083 2448 Et
1113 2406 1302 2462 quamvis
1331 2406 1522 2462 majestas
1534 2412 1663 2441 Act-iii-

130 2483 169 2515 et
191 2474 384 2515 divinitas
406 2474 561 2515 Christi
583 2475 740 2531 ubique
761 2475 913 2516 diffusa
933 2475 997 2524 sit,
1019 2484 1156 2515 tamen
1178 2489 1327 2530 corpus
1348 2474 1451 2531 ejus,
1474 2483 1522 2515 ut

130 2541 398 2597 Augustinus
427 2541 498 2592 ait,
520 2542 563 2582 in
593 2557 678 2583 uno
707 2542 797 2583 loco
827 2558 912 2583 esse
942 2552 1156 2598 oportere:
1192 2540 1405 2582 Christum
1435 2556 1522 2582 cor·
1533 2548 1616 2596 Aug.
1629 2551 1720 2577 tract.

130 2608 221 2664 pori
251 2625 326 2650 suo
356 2609 611 2665 majestatem
642 2609 815 2660 dedisse,
837 2618 1028 2651 naturam
1060 2618 1197 2650 tamen
1227 2609 1409 2666 corporis
1438 2624 1521 2650 non
1532 2599 1584 2628 3⁰¹
1602 2592 1736 2619 mJoan.

131 2676 351 2718 ademisse:
386 2678 534 2733 Neque
564 2677 623 2718 ita
649 2677 912 2718 asserendum
945 2692 1030 2718 esse
1051 2677 1265 2718 Christum
1297 2678 1452 2726 Deum,
1475 2684 1521 2717 ut
1533 2684 1728 2714 AdDardan.

132 2760 227 2786 eum
263 2761 460 2802 negemus
495 2762 580 2787 esse
616 2745 852 2793 hominem3
886 2755 1017 2802 utque
1048 2745 1103 2787 ait
1136 2746 1303 2801 Martyr
1331 2744 1519 2801 Vigilius,
