1799 3077
453 126 687 168 NOELLI
722 125 1187 167 CATECHISMUS.
1436 127 1521 168 317

129 250 211 282 tam
243 241 284 281 in
312 240 542 297 Evangelio
571 255 645 296 per
667 239 880 281 Christum
914 254 1012 289 esse,
1034 253 1161 295 quam
1191 237 1289 278 olim
1320 238 1362 278 in
1393 240 1520 280 veteri

130 311 400 351 Testamento
420 324 494 365 per
517 310 668 349 Mosen
689 308 839 358 fuerat,
862 307 1080 363 indignum
1101 306 1223 356 foret,
1245 305 1278 346 si
1299 320 1347 346 ea
1368 306 1431 347 vel
1452 307 1524 347 ob-

129 377 299 428 scurior,
322 378 386 418 vel
407 377 546 432 aliqua
565 392 615 417 ex
637 386 755 433 parte
775 376 994 417 imminuta
1013 374 1235 416 videretur.

187 446 251 486 M.
286 447 420 501 Perge
441 445 589 486 adhuc.

185 514 242 553 A.
288 514 397 555 Cum
439 513 617 554 infantes
659 522 820 553 nostros
854 512 952 562 vim,
985 520 1056 552 aet
1093 510 1212 567 quasi
1252 509 1522 551 substantiam

130 581 333 637 Baptismi
361 596 623 622 communem
653 581 867 622 nobiscum
898 580 1050 621 habere
1080 588 1240 620 certum
1271 578 1335 629 sit,
1359 578 1436 619 illis
1466 578 1526 618 in-

122 649 236 705 juria
255 650 385 701 fieret,
410 650 442 691 si
464 650 644 706 signum,
667 649 780 705 quod
802 648 974 689 veritate
995 657 1056 689 est
1076 647 1261 697 inferius,
1283 646 1382 702 ipsis
1403 661 1527 702 negaf

130 728 269 766 retur3
302 734 449 774 eoque,
472 718 586 774 quod
617 718 670 758 ad
702 717 933 758 testandam
962 715 1043 757 Dei
1075 714 1409 764 misericordiam,
1431 729 1527 755 con-

130 786 434 841 firmandasque
469 786 559 842 ejus
597 784 886 841 promissiones
920 783 1147 840 plurimum
1184 783 1308 832 valet,
1345 781 1524 832 sublato,

130 854 280 895 eximia
300 853 589 904 consolatione,
609 868 694 909 qua
713 861 872 894 veteres
891 852 1153 902 fruebantur,
1172 851 1397 893 Christiani
1413 851 1526 891 frau-

129 921 352 969 darentur3
385 921 616 977 duriusque
642 936 737 962 cum
768 920 918 961 nostris
948 919 1132 976 parvulis
1163 920 1206 960 in
1236 935 1344 960 novo
1378 920 1526 960 Testa-

130 998 270 1031 mento
292 991 369 1031 sub
392 989 559 1031 Christo
579 998 786 1046 ageretur,
804 1004 929 1045 quam
951 988 993 1029 in
1009 988 1138 1029 veteri
1156 1003 1251 1029 cum
1272 989 1302 1028 J
1307 988 1525 1028 udaeorum

130 1057 358 1099 infantibus
379 1058 457 1098 sub
478 1058 600 1098 Mose
618 1066 757 1098 actum
778 1058 925 1098 fuerat.
977 1057 1128 1112 Itaque
1149 1055 1431 1111 aequissimum
1449 1065 1524 1105 est,

132 1138 180 1168 ut
212 1127 396 1184 parvulis
427 1127 577 1168 nostris
597 1126 797 1167 bDivinae
826 1125 986 1182 gratiae,
1009 1134 1136 1181 atque
1169 1124 1311 1166 salutis
1340 1124 1525 1165 fidelium

133 1195 275 1237 semini
302 1195 513 1252 promissae
533 1195 718 1236 haeredes
745 1210 787 1236 se
817 1210 916 1245 esse,
940 1193 1169 1250 Baptismo,
1191 1193 1390 1250 impresso
1409 1193 1526 1249 quasi

133 1264 265 1321 sigillo
286 1273 482 1305 testatum
503 1264 586 1305 fiat.

190 1333 254 1372 M.
286 1331 454 1387 Ecquid
476 1340 536 1372 est
557 1331 749 1388 ampliuS,
772 1331 887 1387 quod
908 1330 960 1371 de
981 1331 1058 1372 hac
1078 1345 1122 1371 re
1143 1329 1243 1371 velis
1264 1329 1429 1370 dicere?

189 1403 248 1442 A.
279 1410 296 1430 c
312 1403 455 1451 Quum
477 1400 669 1443 Christus
690 1400 898 1441 Dominus
924 1399 1102 1441 infantes
1131 1400 1184 1440 ad
1215 1415 1256 1440 se
1287 1407 1418 1449 vocet,
1441 1399 1526 1440 edi-

132 1479 197 1511 cat
217 1469 339 1510 etiam
361 1484 412 1510 ne
432 1469 526 1525 quis
547 1484 616 1510 eos
635 1484 798 1510 accessu
820 1468 1053 1524 prohibeat,
1075 1468 1129 1509 ad
1151 1483 1192 1508 se
1214 1467 1421 1508 venientes
1442 1482 1526 1507 am-

133 1537 351 1593 plectatur,
374 1537 428 1578 ad
458 1553 526 1578 eos
556 1552 731 1593 regnum
762 1536 926 1577 coeleste
955 1535 1160 1592 pertinere
1191 1544 1388 1583 testetur3
1422 1551 1527 1591 quos

133 1605 285 1646 coelesti
306 1604 458 1661 palatio
478 1606 598 1646 Deus
617 1605 829 1661 dignatur,
847 1620 915 1646 eos
935 1604 987 1645 ab
1004 1603 1241 1645 hominibus
1260 1603 1393 1660 primo
1409 1603 1526 1644 aditu

134 1673 420 1729 vestibuloque
440 1672 663 1729 prohiberi,
681 1681 721 1713 et
741 1688 767 1713 a
782 1672 1017 1714 Christiana
1032 1673 1199 1729 Repub.
1217 1671 1527 1728 quodammodo

135 1741 313 1792 excludi,
337 1756 500 1782 summa
518 1740 684 1782 videtur
705 1756 790 1781 esse
810 1740 1018 1796 iniquitas.

193 1811 258 1851 M.
292 1810 360 1850 Ita
380 1818 465 1857 est;
498 1824 642 1849 verum
663 1824 793 1864 quum
815 1818 936 1850 antea
968 1808 1160 1865 parvulos
1187 1817 1408 1865 postquam
1429 1807 1527 1849 ado-

134 1878 320 1928 leverint,
353 1876 555 1933 Baptismi
587 1877 649 1917 sui
679 1877 892 1918 veritatem
923 1892 1144 1933 agnoscere
1174 1877 1324 1918 debere
1358 1876 1524 1927 dixeris,

135 1946 187 1987 de
209 1962 258 1987 eo
277 1955 317 1987 te
337 1945 459 1986 velim
479 1945 606 2001 paulo
626 1945 869 2001 explicatius
889 1961 1000 1986 nunc
1020 1946 1166 1986 dicere.

194 2016 250 2054 A.
284 2015 482 2055 Parentes
502 2023 543 2055 et
564 2013 791 2070 Paedagogi
822 2029 973 2069 pueros
995 2013 1091 2054 olim
1114 2028 1209 2054 cum
1239 2012 1422 2069 primum
1453 2027 1527 2068 per

137 2091 299 2122 aetatem
331 2097 485 2138 sapere,
514 2091 555 2123 et
584 2082 812 2138 intelligere
844 2081 1075 2138 coepissent,
1105 2082 1248 2138 primis
1282 2081 1527 2123 Christianae

138 2149 343 2205 religionis
362 2150 607 2191 rudimentis
623 2150 841 2206 diligenter
861 2150 1144 2201 instituebant,
1162 2159 1210 2191 ut
1229 2150 1423 2206 pietatem
1446 2164 1529 2190 una

138 2232 243 2272 pene
263 2233 358 2258 cum
378 2217 482 2259 lacte
501 2219 672 2259 nutricis
691 2218 952 2268 imbiberent,
971 2230 1012 2259 et
1032 2234 1057 2259 a
1075 2218 1219 2275 primis
1239 2218 1376 2259 statim
1396 2217 1527 2268 cunis,

140 2285 304 2326 virtutis
323 2285 583 2327 incunabulis
603 2287 655 2327 ad
676 2287 801 2328 vitam
824 2287 935 2327 illam
955 2287 1116 2329 beatam
1139 2287 1357 2327 alerentur.
1394 2287 1528 2336 Quem

139 2353 261 2394 etiam
283 2354 336 2395 ad
357 2370 479 2395 usum
500 2355 645 2396 breves
665 2355 774 2406 libri,
796 2371 901 2411 quos
923 2355 1204 2397 Catechismos
1233 2354 1361 2395 nostri
1390 2354 1531 2410 appel-

140 2422 240 2472 lant,
262 2423 649 2470 conscribebantur3
683 2423 725 2463 in
746 2424 899 2480 quibus
920 2424 1062 2465 eadem
1084 2424 1169 2464 fere
1189 2423 1280 2473 ista,
1303 2422 1355 2463 de
1376 2422 1530 2478 quibus

142 2505 252 2531 nunc
283 2490 390 2531 inter
419 2507 493 2533 nos
523 2492 675 2547 agitur,
697 2501 770 2532 aut
801 2492 888 2533 istis
913 2501 1022 2533 certe
1054 2491 1201 2532 similia
1233 2491 1528 2532 tractabantur.

142 2560 369 2615 Postquam
392 2575 489 2600 vero
518 2559 660 2616 primis
680 2569 831 2600 nostrae
861 2559 1023 2616 pietatis
1049 2559 1259 2600 elementis
1288 2559 1406 2615 pueri
1434 2560 1529 2601 satis

185 2671 197 2684 ¹¹
216 2666 297 2695 Mat.
313 2665 401 2695 xviii.
415 2675 448 2704 3,
462 2674 495 2703 4,
513 2674 561 2695 10.
587 2665 655 2694 xix.
677 2672 724 2702 14.
750 2665 828 2695 Luc.
847 2665 938 2696 xviii.
958 2673 1007 2704 15,
1026 2664 1075 2702 16,
1094 2672 1143 2705 17.
1168 2666 1262 2696 Rom.
1279 2665 1322 2696 iv.
1339 2665 1389 2703 16,
1409 2676 1460 2705 23,
1477 2676 1528 2704 24.

148 2729 157 2748 1
175 2719 243 2749 Pet.
259 2719 291 2749 ii.
312 2728 339 2749 2.
472 2718 485 2738 ¹¹
500 2718 594 2748 Rom.
611 2719 651 2748 iv.
672 2717 719 2754 ¹6,
738 2727 790 2756 23,
810 2727 859 2757 24.
984 2726 995 2737 ¹*
1014 2720 1095 2749 Mat.
1111 2718 1199 2748 xviii.
1215 2728 1246 2757 3.
1264 2727 1297 2756 4,
1320 2729 1367 2749 10.
1392 2720 1457 2749 xix.
1481 2730 1527 2757 ¹4·

145 2772 228 2803 Mar.
246 2781 409 2812 x.13,14‚
430 2782 475 2811 ¹5-
