1799 3077
252 139 336 180 230
581 135 817 177 NOELLI
852 134 1317 176 CATECHISMUS.

251 250 550 309 prohibentur;
584 264 658 290 nec
680 257 727 289 ut
747 256 973 289 mercatum
995 256 1156 289 tantum
1185 246 1271 288 sine
1290 246 1405 287 furto
1424 254 1550 302 atque
1568 246 1643 288 fal-

252 319 365 360 laciis
401 317 680 366 instituamus,
712 325 942 371 caeteraque
977 315 1114 356 omnia
1150 315 1235 356 sine
1269 314 1425 355 insidiis
1456 329 1643 370 agamus,

254 387 332 428 hac
361 386 452 443 lege
476 385 701 441 jubemur3
734 398 880 424 verum
905 382 1027 423 etiam
1049 391 1096 423 ut
1115 382 1253 423 animo
1272 382 1330 423 ita
1347 381 1481 423 affecti
1502 381 1644 433 simus,

256 464 304 496 ut
332 453 580 510 impunitate
600 461 641 492 et
666 451 924 507 ignoratione
954 450 1140 491 omnium
1169 450 1395 507 proposita,
1415 450 1468 490 ab
1495 449 1646 506 injuria

255 522 535 564 abstineamus
574 530 724 561 tamen.
786 519 895 559 Nam
932 519 1046 574 quod
1080 523 1202 574 ager'e
1235 533 1372 559 coram
1409 518 1646 559 hominibus

256 591 462 647 iniquum,
483 589 525 630 id
548 588 671 629 etiam
693 586 797 628 velle
817 601 954 628 coram
975 587 1069 627 Deo
1089 586 1244 627 malum
1273 595 1344 627 est.
1407 586 1558 628 Omnia
1587 602 1650 627 er-

257 676 312 716 go
332 657 499 700 consilia
518 666 558 698 et
579 656 730 706 studia,
752 655 923 712 ipsaque
944 655 987 696 in
1009 664 1030 683 ¹¹
1044 655 1187 711 primis
1208 655 1413 711 cupiditas
1436 670 1487 695 ex
1507 653 1648 695 alienis

257 725 527 768 incommodis
555 733 696 765 nostra
726 723 940 780 quaerendi
967 723 1197 774 commoda,
1217 723 1295 765 hac
1323 723 1414 780 lege
1442 732 1649 764 vetantur.

259 794 454 850 Denique
475 802 522 834 ut
552 793 606 834 ad
636 808 758 834 suum
784 792 961 848 quisque
994 807 1119 847 quam
1149 793 1330 848 primum
1362 791 1589 848 perveniat,
1610 799 1651 832 et

259 862 374 919 quod
394 861 570 918 quisque
589 861 739 902 habeat
760 859 820 901 sui
842 869 889 901 ut
910 859 1060 915 cuique
1084 859 1242 901 salvum
1263 869 1441 911 maneat,
1458 859 1650 901 omnibus

260 930 393 972 modis
413 945 579 986 operam
601 929 715 980 dare,
737 929 815 970 hac
834 928 924 984 lege
944 929 1226 969 admonemur.

321 1000 385 1039 M.
418 999 590 1038 Nonum
608 1005 864 1053 praeceptum
886 995 1001 1051 quod
1022 997 1112 1036 est?

320 1069 376 1108 A.
408 1068 527 1108 NON
556 1080 672 1107 Eius
695 1074 1001 1106 XADVERSUS
1037 1076 1317 1104 PROXIMUM
1355 1076 1504 1104 TUUM
1541 1076 1654 1104 TES—

266 1150 347 1178 TIS
376 1147 609 1176 MENDAX.

323 1205 387 1244 M.
421 1202 525 1253 Quis
545 1211 607 1244 est
627 1202 753 1257 hujus
772 1200 969 1257 praecepti
991 1202 1161 1241 sensus?

323 1274 380 1313 A.
413 1272 479 1312 Ne
504 1269 801 1326 jusjurandum
832 1278 905 1309 aut
934 1268 1059 1308 fidem
1089 1266 1348 1313 Yviolemus3
1384 1281 1457 1307 nec
1487 1265 1655 1322 publica

267 1349 430 1381 tantum
461 1338 760 1393 manifestaque
789 1335 985 1393 perjuria,
1009 1335 1077 1376 sed
1107 1344 1147 1376 et
1178 1334 1316 1376 omnia
1346 1334 1387 1375 in
1416 1334 1654 1375 universum

267 1406 494 1457 mendacia,
543 1405 774 1456 calumniae,
816 1414 834 1433 Ζ
848 1404 1176 1454 obtrectationes,
1225 1402 1455 1453 maledicta,
1503 1402 1657 1458 quibus

269 1476 467 1517 damnum
503 1474 568 1515 vel
604 1474 897 1515 detrimentum
928 1472 1142 1528 proximus
1170 1471 1308 1521 faciat,
1339 1470 1403 1528 vel
1433 1471 1584 1512 famam
1616 1480 1657 1512 et

268 1543 611 1586 existimationem
653 1541 828 1592 amittat,
863 1541 941 1582 hac
979 1540 1069 1597 lege
1103 1540 1400 1596 prohibentur3
1434 1555 1518 1580 una
1547 1539 1656 1580 enim

269 1614 404 1654 forma
434 1611 667 1668 generalem
701 1610 930 1651 doctrinam
965 1609 1168 1650 continet:
1213 1608 1421 1664 Adeoque
1452 1608 1556 1650 falsa
1584 1618 1658 1650 aut

270 1696 391 1731 vana,
422 1695 496 1721 nec
526 1680 605 1736 ipsi
635 1694 820 1735 unquam
850 1678 979 1734 loqui,
1012 1693 1086 1718 nec
1114 1677 1156 1718 in
1190 1677 1291 1726 aliis,
1321 1677 1387 1718 vel
1420 1677 1567 1728 verbis,
1592 1677 1658 1719 vel

273 1748 438 1804 scripto,
460 1747 525 1788 vel
552 1747 725 1797 silentio,
748 1745 813 1787 vel
835 1745 1054 1802 praesentia
1072 1745 1176 1786 adeo
1195 1754 1348 1795 nostra,
1371 1744 1578 1801 tacitoque
1597 1759 1659 1785 as-

272 1832 393 1858 sensu
428 1816 658 1872 approbare
689 1815 912 1861 debemus3
947 1814 1017 1855 sed
1048 1813 1241 1869 simplicis
1270 1812 1452 1854 veritatis
1478 1812 1660 1854 aamicos

271 1895 495 1942 perpetuos
525 1894 566 1925 et
598 1883 775 1925 cultores
805 1898 904 1933 esse,
926 1882 968 1922 in
998 1881 1177 1922 veritatis
1206 1880 1353 1931 lucem,
1375 1891 1501 1937 prout
1529 1881 1658 1931 locus,

274 1962 450 2009 tempus,
473 1961 546 1994 aut
572 1951 791 1993 necessitas
821 1950 1060 2008 postulabit,
1083 1949 1219 1990 omnia
1252 1949 1431 1990 studiose
1460 1949 1659 2005 proferre,

277 2021 457 2062 veritatis
477 2021 656 2076 denique
676 2019 948 2076 patrocinium
970 2018 1125 2073 ubique
1145 2016 1339 2073 arripere,
1360 2016 1555 2072 illamque
1575 2033 1661 2058 mo-

279 2089 342 2130 dis
359 2089 550 2130 omnibus
570 2088 676 2129 tueri
696 2097 736 2129 et
757 2087 976 2128 defendere
996 2095 1169 2143 oportet.

336 2159 399 2198 M.
433 2157 548 2198 Huic
569 2173 668 2213 ergo
685 2157 765 2213 legi
788 2165 835 2197 ut
866 2155 1047 2205 satisfiat,
1069 2153 1222 2210 linguae
1252 2162 1294 2194 et
1323 2153 1479 2194 calamo
1510 2162 1664 2210 tempe-

277 2242 366 2267 rare
387 2241 469 2267 non
490 2235 550 2266 est
573 2225 699 2266 satis?

336 2295 391 2334 A.
427 2293 665 2334 Secundum
693 2292 892 2333 rationem
913 2300 1007 2332 ante
1028 2290 1249 2331 adductam
1270 2305 1401 2346 quum
1424 2289 1664 2330 maledicen-

280 2362 377 2403 tiam
398 2369 524 2411 vetat,
548 2360 727 2401 sinistras
747 2360 766 2389 b
781 2360 903 2401 etiam
925 2359 1173 2416 suspiciones
1194 2368 1234 2399 et
1254 2358 1413 2414 judicia
1435 2358 1579 2414 iniqua
1600 2373 1665 2398 ve-

280 2440 352 2471 tat.
385 2431 494 2470 Nam
514 2429 580 2470 hic
602 2428 808 2485 legislator
828 2428 952 2469 animi
973 2427 1207 2469 affectiones
1228 2441 1388 2483 semper
1407 2426 1583 2467 maxime
1604 2441 1666 2466 re-

326 2576 340 2589 ¹¹
362 2569 445 2599 Psal.
463 2569 530 2599 lxii.
547 2579 595 2599 10.
619 2567 717 2598 Zach.
734 2567 800 2597 viii.
819 2574 867 2606 17.
890 2566 988 2597 Mich.
1006 2565 1038 2595 ii.
1055 2575 1081 2595 2.
1103 2566 1175 2595 Act.
1194 2576 1248 2596 xx.
1265 2575 1318 2604 33.
1456 2570 1470 2584 Χ
1490 2565 1594 2595 Exod.
1611 2575 1666 2595 xx.

286 2620 334 2652 16.
357 2622 453 2652 Deut.
469 2633 498 2652 v.
516 2631 565 2652 20.
588 2622 670 2651 Mat.
687 2620 753 2650 xix.
773 2619 818 2650 18.
925 2626 939 2644 ,v
961 2620 1064 2650 Exod.
1082 2619 1174 2650 xxiii.
1191 2629 1218 2649 1.
1246 2619 1321 2649 Lev.
1338 2618 1405 2648 xix.
1423 2628 1473 2655 11,
1492 2626 1541 2648 12.
1566 2618 1663 2648 Dent.

282 2675 347 2706 xix.
368 2675 418 2711 18,
435 2685 481 2715 19,
504 2676 585 2706 Mat.
602 2675 668 2705 xix.
687 2674 734 2704 18.
954 2679 965 2693 ²
988 2673 1071 2703 Psal.
1089 2683 1143 2703 xv.
1156 2681 1187 2711 3.
1210 2672 1306 2712 Soph.
1321 2672 1368 2703 iii.
1386 2680 1434 2709 13.
1455 2671 1534 2702 Luc.
1550 2672 1595 2702 iii.
1617 2680 1666 2709 14.

283 2735 297 2747 ³
320 2728 411 2757 Prov.
429 2727 483 2757 xii.
500 2734 550 2766 17,
569 2736 617 2767 19.
639 2736 655 2756 z
674 2727 748 2757 Cor.
764 2726 833 2757 xiii.
847 2726 878 2757 8.
901 2727 1017 2766 Ephcs.
1035 2727 1075 2757 iv.
1096 2733 1145 2766 25.
1263 2724 1278 2746 b
1296 2726 1377 2756 Mat.
1395 2724 1447 2755 vii.
1470 2732 1498 2761 1,
1517 2733 1545 2754 2.
1570 2724 1664 2755 Rom.

284 2781 350 2813 xiv.
366 2791 398 2820 3,
416 2790 445 2818 4.
473 2791 483 2810 1
505 2782 579 2811 Cor.
598 2780 665 2810 xiii.
685 2788 715 2819 5,
737 2790 762 2818 7.
