1799 3077
512 106 740 147 JUELLI
773 97 1113 150 APOLOGIA.
1419 117 1500 158 183

120 216 404 259 auctoritatem
436 232 550 259 suam
592 218 717 259 ullam
752 219 793 260 in
829 229 988 276 partem
1023 221 1332 278 interponebat,
1377 226 1502 270 immo

120 299 231 335 vero,
254 293 302 326 ut
323 285 613 327 Theodoretus
642 286 713 336 ait,
737 287 971 343 Imperator
999 289 1308 339 Constantinus,
1330 291 1372 332 in
1395 295 1502 335 Con-

119 351 211 392 cilio
231 352 403 403 Niceno,
426 368 507 394 non
540 353 673 394 solum
702 369 786 395 una
812 355 993 405 sedebat,
1016 358 1086 397 sed
1116 357 1238 398 etiam
1259 359 1500 416 Episcopos,

119 419 469 474 quemadmodum
500 435 623 461 causa
649 437 699 462 ex
724 422 986 477 Apostolicis‚
1009 424 1349 480 Propheticisque
1378 426 1503 469 literis

117 487 400 542 cognoscenda
427 496 545 538 esset,
575 488 845 530 admonebat:
881 491 933 531 In
963 490 1325 546 disputationibuS,
1352 493 1500 549 inquit,

116 554 168 594 de
198 555 321 596 rebus
350 555 516 604 divinis,
547 556 799 612 propositam
830 558 947 598 nobis
974 558 1188 609 habemus,
1211 575 1336 615 quam
1359 577 1502 617 sequa-

115 637 223 671 mur,
247 622 474 664 doctrinam
508 623 685 679 Spiritus
716 624 854 665 sancti,
916 626 1158 682 Evangelici
1185 627 1293 668 enim
1323 637 1363 669 et
1383 631 1501 685 Apo-

115 690 244 731 stolici
274 690 381 741 libri,
414 700 454 731 et
485 691 790 746 Prophetarum
819 692 983 733 oracula
1014 693 1109 734 satis
1135 694 1373 746 ostendunt,
1397 697 1499 753 quid
1510 704 1698 736 Lib-1.c-v.

114 757 231 798 nobis
251 758 302 798 de
322 758 534 798 voluntate
562 758 642 798 Dei
670 758 721 798 sit
748 759 1018 800 sentiendum.
1082 761 1343 803 Theodosius
1364 764 1498 820 Impe-

113 835 238 876 rator,
261 835 309 866 ut
335 826 392 866 ait
424 827 623 875 Socrates,
645 841 728 866 non
750 827 882 867 solum
905 828 1009 869 sedit
1035 828 1140 869 inter
1160 829 1403 886 EpiscopOS,
1426 832 1493 873 sed

112 893 232 934 etiam
261 909 394 935 causae
421 893 705 949 disceptationi
733 894 916 950 praefuit,
939 904 979 936 et
1001 897 1306 938 Haereticorum
1336 900 1497 956 Scripta
1508 913 1624 943 Socrat.
1640 914 1694 943 lib.

111 961 317 1012 laceravit,
336 970 376 1002 et
398 961 706 1003 Catholicorum
728 961 967 1002 sententiam
989 963 1284 1018 comprobavit.
1506 965 1536 984 v.
1552 965 1617 995 0³1³·
1630 966 1658 986 x.

172 1031 224 1069 In
247 1028 570 1070 Chalcedonensi
592 1028 777 1070 Concilio
798 1028 1073 1085 Magistratus
1088 1030 1216 1071 civilis
1232 1031 1493 1085 Dioscorum,

112 1098 142 1138 J
147 1096 375 1147 u‘venalem,
398 1096 676 1147 Thalassium,
699 1096 926 1153 Episcopos
957 1113 1031 1139 sua
1060 1099 1259 1140 sententia
1287 1115 1364 1156 pro
1394 1102 1495 1143 Hae-

111 1164 245 1205 reticis
263 1164 565 1215 condemnavit,
587 1179 738 1220 eosque
759 1165 809 1206 de
838 1164 908 1206 illo
934 1165 1067 1223 gradu
1089 1165 1285 1209 Ecclesiae
1305 1167 1494 1224 dejicien-
1505 1175 1677 1205 Actionez.

110 1232 185 1273 dos
205 1248 290 1274 esse
310 1232 478 1273 censuit.

169 1301 220 1341 In
257 1299 711 1356 Constantinopolitano
743 1300 926 1342 Concilio
955 1301 1027 1342 gtio
1059 1302 1186 1344 civilis
1219 1305 1492 1360 Magistratus

111 1368 419 1419 Constantinus,
452 1384 533 1409 non
565 1368 696 1409 solum
733 1368 837 1410 sedit
868 1369 974 1410 inter
1003 1371 1245 1427 Episcopos,
1266 1373 1336 1413 sed
1367 1375 1490 1416 etiam

109 1436 348 1492 subscripsit
377 1451 472 1477 cum
502 1435 740 1492 Episcopis:
775 1436 989 1492 LegimuS,
1011 1437 1160 1493 inquit,
1184 1448 1224 1480 et
1252 1440 1491 1498 subscripsi-

89 1520 211 1546 -mus.
275 1506 328 1545 In
362 1503 545 1545 Concilio
574 1503 833 1544 Arausicano
862 1504 930 1544 2ἀο
958 1505 1108 1560 Legati
1141 1507 1381 1564 Principum
1413 1510 1489 1551 viri

111 1572 274 1613 Patricii
305 1587 387 1613 non
417 1581 578 1612 tantum
609 1571 849 1612 sententiam
879 1571 931 1612 de
952 1572 1168 1628 Religione
1189 1574 1396 1628 dixerunt,
1418 1578 1488 1619 sed

108 1641 230 1681 etiam
251 1640 357 1680 inter
378 1639 606 1695 Episcopos
626 1639 965 1694 subscripserunt.
1018 1640 1084 1681 Sic
1105 1641 1211 1682 enim
1232 1642 1272 1682 in
1294 1643 1363 1684 illo
1381 1645 1489 1685 Con-

107 1707 199 1748 cilio
219 1707 409 1748 scribitur
428 1706 478 1746 ad
502 1716 755 1747 extremum:
786 1706 936 1746 Petrus
958 1707 1240 1759 Marcellinus,
1259 1709 1392 1759 Felix,
1416 1710 1488 1750 Li-

107 1775 258 1825 berius,
281 1774 357 1814 viri
382 1773 605 1823 clarissimi,
627 1782 668 1814 et
698 1773 876 1814 illustres
907 1774 1091 1828 praefecti
1122 1776 1311 1817 Praetorii
1334 1777 1488 1818 Gallia-

106 1857 214 1891 rum,
236 1851 361 1898 atque
382 1841 563 1891 Patricii,
581 1840 876 1882 consentientes
896 1841 1236 1898 subscripserunt.
1272 1845 1484 1900 Syagrius,

107 1909 259 1964 Opilio,
297 1908 596 1964 Pantagathus,
634 1908 864 1960 Deodatus,
904 1909 1112 1961 Cariatho,
1150 1911 1375 1952 Marcellus
1408 1911 1485 1952 viri

105 1977 313 2017 clarissimi
334 1976 674 2032 subscripserunt.

164 2044 287 2094 Quod
309 2044 340 2084 si
361 2044 544 2100 praefecti
575 2043 777 2092 Praetorii,
800 2052 840 2084 et
861 2044 936 2085 viri
958 2045 1139 2096 Patricii,
1161 2046 1413 2087 subscribere
1441 2046 1484 2086 in

108 2111 291 2153 Concilio
320 2120 559 2166 potuerunt,
583 2112 857 2167 Imperatores
882 2121 923 2153 et
953 2114 1091 2168 Reges
1120 2128 1201 2153 non
1227 2116 1483 2169 potuerunt?

106 2181 203 2220 Non
234 2194 328 2220 sane
357 2194 462 2234 opus
488 2188 588 2229 erat,
610 2195 695 2219 rem
726 2179 782 2220 ita
808 2180 1079 2235 perspicuam,
1103 2189 1163 2221 tot
1183 2180 1316 2221 verbis
1336 2189 1377 2221 et
1400 2190 1483 2221 tam

103 2248 262 2304 prolixe
292 2247 499 2303 prosequi,
530 2247 607 2287 nisi
637 2247 754 2288 nobis
785 2263 848 2287 res
877 2262 970 2288 cum
1000 2247 1079 2287 illis
1109 2256 1225 2297 esset,
1248 2248 1319 2303 qui
1349 2247 1485 2289 omnia

104 2315 337 2364 clarissima,
359 2315 480 2355 etiam
511 2330 571 2365 ea,
593 2330 688 2370 quae
718 2314 872 2364 vident,
902 2331 1078 2370 quaeque
1108 2315 1235 2355 oculis
1265 2323 1481 2370 usurpant,

106 2392 241 2424 tamen
271 2382 542 2423 contentionis
567 2391 607 2423 et
635 2382 825 2422 vincendi
854 2383 990 2423 studio
1019 2398 1167 2437 negare
1197 2383 1336 2423 solent.
1400 2384 1484 2422 Im-

104 2460 269 2506 perator
289 2451 317 2489 J
322 2449 550 2489 ustinianus
572 2450 727 2504 Legem
750 2449 844 2489 tulit
865 2449 916 2489 de
945 2449 1195 2504 corrigendis
1224 2448 1421 2499 moribuS,
1442 2458 1483 2490 et

105 2519 157 2559 de
176 2516 389 2558 fraenanda
419 2515 632 2556 insolentia
662 2517 943 2566 Sacerdotum,
965 2526 1005 2557 et
1025 2516 1212 2571 quamvis
1239 2529 1342 2558 esset
1364 2517 1483 2558 Chri-

105 2586 260 2627 stianus
280 2594 320 2626 et
342 2584 579 2626 Catholicus
601 2585 845 2639 Imperator,
868 2593 1003 2625 tamen
1031 2584 1135 2625 duos
1163 2586 1298 2641 Papas
1330 2601 1483 2626 succes-

107 2668 215 2693 sores
242 2652 371 2701 Petri,
394 2651 562 2693 vicarios
583 2651 750 2702 Christi,
776 2651 1007 2708 Sylverium
1027 2661 1067 2693 et
1089 2652 1300 2709 Vigilium,
1324 2652 1376 2694 de
1405 2654 1483 2694 Pa-

107 2729 208 2774 patu
229 2720 387 2775 dejecit.

759 2800 786 2825 N
811 2788 836 2825 4
