1799 3077
452 111 688 154 NOELLI
721 110 1186 153 CATECHISMUS.
1424 114 1507 156 217

180 227 244 268 M.
277 224 482 282 Pingendi
501 224 642 281 itaque
667 224 936 281 fingendique
965 233 1073 265 artes
1103 223 1145 264 in
1176 233 1310 265 totum
1339 223 1507 267 damnat

122 293 210 334 haec
230 293 311 345 lex,
333 303 380 334 ut
400 292 578 343 videtur,
599 291 658 333 ita
685 300 732 333 ut
761 291 895 333 nullas
924 291 1091 333 omnino
1120 290 1318 347 imagines
1346 291 1434 332 fieri
1463 292 1508 332 li-

122 369 222 402 ceat.
551 370 555 371 ⁷

178 429 234 469 A.
267 428 470 479 Minime3
511 441 656 468 verum
686 426 821 483 primo
850 441 902 467 ne
918 427 983 468 vel
1014 426 1095 468 Dei
1116 425 1421 482 kexprimendi,
1443 426 1508 467 vel

121 495 320 537 adorandi
339 511 476 545 causa,
498 494 697 551 imagines
717 494 822 535 ullas
841 495 1081 546 formemus,
1102 503 1215 536 vetat
1232 511 1240 535 :
1274 494 1437 535 Deinde
1458 510 1509 536 ne

119 564 318 619 imagines
337 563 470 620 lipsas
490 563 710 604 adoremus
731 562 865 604 edicit.

178 633 242 672 M.
276 634 364 673 Cur
383 633 524 673 Deum
546 646 627 672 non
648 630 742 672 licet
760 621 957 687 corporea
977 639 1017 672 et
1037 631 1275 687 aspectabili
1290 631 1425 688 figura
1440 648 1510 674 ex-

120 700 297 757 primere
311 703 328 741 ?

178 770 233 809 A.
267 768 375 818 Quia
395 767 501 808 inter
523 768 678 817 Deum,
698 765 771 822 qui
793 773 819 790 ¹³¹
834 765 1002 822 spiritus
1028 776 1102 817 est,
1124 775 1317 817 aeternus,
1339 767 1509 810 immen-

119 852 206 886 sus,
239 835 437 885 infinitus,
473 833 907 890 incomprehensibiliS,
945 844 986 874 et
1019 834 1072 875 ab
1106 835 1219 875 omni
1252 836 1509 878 concretione

119 903 281 945 mortali
306 911 558 959 segregatus,
581 911 622 942 et
651 901 757 942 inter
787 901 985 942 caducam
1015 911 1056 943 et
1086 918 1340 959 corpoream,
1361 904 1508 945 exilem

119 982 161 1014 et
190 971 424 1021 inanimem,
446 970 694 1025 inanemque
715 979 735 998 ¹¹
752 970 945 1026 figuram,
965 970 1066 1010 nihil
1098 979 1233 1026 potest
1263 987 1349 1011 esse
1380 972 1510 1014 simile

120 1053 193 1084 aut
216 1056 447 1083 commune.
508 1041 660 1095 Itaque
690 1055 764 1096 per
794 1055 996 1080 summam
1027 1040 1221 1096 injuriam
1253 1041 1333 1081 Dei
1363 1041 1508 1097 optimi

120 1109 288 1151 maximi
309 1109 564 1165 majestatem
585 1108 795 1158 minuunt,
813 1123 945 1164 quum
966 1124 1056 1149 eam
1075 1108 1118 1149 in
1134 1108 1245 1150 hunc
1261 1109 1429 1150 modum
1448 1125 1509 1151 re-

119 1187 367 1235 praesentare
386 1185 602 1218 conantur.

178 1247 242 1287 M.
275 1246 371 1286 Non
393 1260 492 1301 ergo
511 1253 621 1285 recte
642 1243 838 1285 dixerunt
858 1243 917 1295 hi,
939 1244 1012 1300 qui
1033 1244 1231 1301 imagines
1252 1260 1336 1286 esse
1363 1245 1509 1288 idiota-

119 1329 212 1354 rum
234 1313 359 1354 libros
380 1313 667 1354 contendunt?

175 1383 231 1422 A.
265 1380 416 1431 Quales
435 1380 528 1422 libri
550 1380 630 1421 sint
650 1374 809 1428 nesci03
843 1379 894 1420 de
916 1380 1009 1420 Deo
1028 1389 1137 1421 certe
1163 1380 1265 1421 nihil
1294 1381 1370 1423 nisi
1400 1398 1508 1424 erro-

119 1464 183 1490 res
200 1448 347 1489 docere
367 1457 555 1505 possunt.

176 1518 240 1557 M.
274 1518 474 1567 Quaenam
495 1523 556 1556 est
576 1514 646 1555 illa
672 1513 921 1555 adorationis
951 1513 1098 1564 forma,
1119 1529 1214 1570 quae
1245 1514 1311 1556 hic
1341 1515 1508 1558 damna-

120 1594 190 1624 tur
204 1586 220 1624 ἓ

177 1652 232 1691 A.
266 1652 407 1701 Quum
427 1650 649 1707 precaturi,
670 1659 689 1679 0
706 1650 760 1690 ad
790 1658 946 1691 statuas
976 1659 1050 1691 aut
1080 1650 1278 1707 imagines
1307 1652 1507 1694 converti-

118 1734 227 1770 mur,
248 1734 384 1760 coram
414 1719 493 1759 illis
521 1718 834 1775 prosternimur,
863 1718 1038 1773 genibus
1068 1718 1242 1769 inflexis,
1270 1729 1413 1776 aperto
1442 1737 1506 1762 ca-

117 1786 216 1843 pite,
237 1796 310 1828 aut
329 1787 417 1828 aliis
439 1787 564 1843 signis
583 1786 781 1827 honorem
803 1785 881 1826 illis
900 1786 1153 1836 exhibentes,
1175 1802 1222 1828 ac
1243 1787 1275 1828 si
1296 1789 1414 1829 Deus
1434 1804 1507 1830 no-

116 1854 180 1896 bis
203 1855 282 1896 illis
307 1863 681 1912 repraesentaretur.
742 1854 789 1895 In
819 1869 993 1905 summa,
1016 1855 1059 1895 in
1084 1854 1346 1911 imaginibus,
1370 1872 1420 1898 ne
1440 1858 1505 1899 vel

118 1923 258 1964 Deum
278 1938 513 1979 quaeramus
534 1922 598 1963 vel
619 1921 825 1969 colamus3
860 1922 925 1964 vel
946 1923 1059 1979 quod
1087 1922 1197 1964 idem
1228 1933 1303 1973 est,
1326 1940 1376 1965 ne
1406 1925 1505 1967 imae

116 1990 232 2046 gines
264 1990 372 2046 ipsas
405 1991 447 2031 in
484 1991 565 2032 Dei
600 1991 798 2031 honorem
827 2006 1083 2041 veneremur,
1113 2001 1186 2032 aut
1219 1991 1299 2032 illis
1333 2008 1504 2049 quoquo

117 2058 255 2109 modo,
276 2058 329 2099 ad
351 2058 572 2115 majestatis
592 2074 677 2099 suae
698 2058 906 2114 injuriam,
928 2074 1002 2115 per
1025 2058 1312 2110 idololatriam,
1334 2069 1407 2101 aut
1438 2076 1504 2101 su-

117 2125 397 2182 perstitionem
436 2126 673 2176 abutamur,
711 2125 787 2166 hac
830 2127 947 2182 Lege
986 2125 1266 2182 prohibemur.
1329 2127 1502 2184 Alioqui

116 2209 214 2234 vero
234 2202 253 2231 P
269 2193 476 2234 statuariae
496 2193 753 2249 picturaeque
778 2208 878 2234 usus
904 2193 1112 2250 legitimus
1142 2194 1307 2235 minime
1337 2195 1505 2236 interdi-

117 2261 238 2303 citur.

176 2329 239 2368 M.
271 2329 341 2369 Ex
361 2327 425 2369 his
453 2343 548 2384 quae
579 2327 681 2368 mihi
710 2342 1019 2377 commemoras,
1040 2327 1175 2384 colligi
1206 2328 1324 2370 facile
1353 2338 1502 2385 potest,

161 2481 176 2502 k
193 2481 270 2512 Lev.
288 2481 375 2512 xxvi.
395 2491 420 2512 1.
444 2483 540 2512 Deut.
558 2482 599 2511 iv.
621 2489 668 2521 15.
694 2481 781 2512 Esai.
796 2482 839 2513 xl.
857 2481 905 2512 18.
921 2486 954 2512 et
972 2481 1108 2512 12.xlvi.
1124 2481 1197 2522 5,6.
1223 2483 1440 2514 Psal.lxxviii.
1452 2484 1503 2522 64.

119 2536 190 2566 Act.
208 2535 285 2565 xvii.
305 2544 355 2575 29.
442 2533 450 2554 ¹
470 2536 565 2565 Deut.
583 2545 612 2565 v.
628 2535 661 2571 8,
680 2544 710 2575 9.
731 2535 815 2565 Psal.
831 2534 926 2565 xcvii.
946 2542 972 2574 7.
988 2540 1021 2565 et
1031 2535 1092 2565 cvi.
1109 2544 1161 2574 34.
1185 2535 1274 2565 Esai.
1290 2537 1365 2578 xliv.
1386 2544 1436 2577 17,
1454 2547 1502 2577 19.

118 2595 141 2609 ¹¹¹
157 2590 240 2620 Psal.
257 2599 329 2620 cxv.
344 2599 377 2628 3,
395 2596 426 2627 4.
451 2589 540 2619 Esai.
557 2588 601 2618 xl.
622 2597 673 2625 10,
693 2589 753 2618 διε.
775 2589 848 2618 Joh.
864 2588 907 2618 iv.
927 2596 977 2625 24.
1001 2588 1096 2618 Rom.
1113 2588 1135 2618 i.
1154 2598 1206 2624 20,
1225 2598 1275 2628 23.
1385 2596 1399 2610 ¹¹
1417 2592 1503 2621 Esai.

118 2642 152 2673 ii.
172 2642 223 2680 18,
243 2652 292 2683 19.
315 2642 401 2673 Esai.
419 2642 462 2672 xl.
483 2641 533 2679 18,
549 2649 598 2681 19.
614 2646 647 2672 et
663 2641 740 2671 xlvi.
758 2650 792 2680 5,
808 2640 838 2672 6.
861 2642 928 2672 ὅρι’.
945 2652 976 2672 x.
997 2650 1045 2680 14.
1069 2642 1140 2673 Act.
1156 2643 1233 2674 xvii.
1252 2653 1301 2684 29.
1389 2652 1403 2665 ⁰
1421 2646 1504 2675 Psal.

119 2696 215 2726 xcvii.
233 2704 261 2737 7.
279 2701 312 2727 et
327 2697 388 2727 cvi.
403 2705 456 2736 34.
480 2695 568 2726 Esai.
584 2694 659 2725 xliv.
679 2702 729 2734 17,
752 2704 798 2735 ¹9·
822 2695 970 2725 Dan-iii.
983 2703 1017 2735 5,
1031 2703 1059 2735 7.
1082 2696 1176 2727 Osee.
1188 2697 1232 2727 xi.
1246 2706 1274 2727 2.
1292 2697 1393 2729 Mich.
1408 2709 1436 2729 v.
1456 2708 1503 2729 η.

121 2753 193 2781 Act.
209 2750 263 2780 vii.
278 2758 330 2787 4¹-
442 2756 456 2776 ν
471 2759 489 2788 3
508 2749 588 2789 Reg.
605 2748 657 2779 vii.
672 2757 724 2786 24,
744 2756 793 2788 25.
818 2749 933 2779 Ezech.
951 2748 1007 2779 xli.
1026 2759 1072 2790 ¹9.
1095 2750 1177 2781 Mat.
1195 2751 1272 2781 xxii.
1293 2760 1343 2782 20.
