1799 3077
75 348 123 376 De
141 345 247 382 major.

77 394 109 418 et
125 389 213 417 obed.

78 434 182 461 Unam
196 440 283 460 sanc-

78 478 154 504 tam.

99 1431 244 1460 Clement
256 1427 296 1458 V.

97 1475 131 1503 in
150 1472 271 1502 Concil.

99 1515 283 1547 Viennensi.

101 1561 163 1589 Leo
180 1561 273 1597 Papa.

105 1840 270 1871 Zacharias

107 1886 202 1922 Papa.

115 2244 260 2272 Clemens

116 2288 198 2324 Papa
218 2292 245 2324 7.

121 2520 206 2550 Idem
223 2519 294 2547 Cle-

122 2574 220 2594 lneuS.

291 147 375 188 146
681 142 911 184 JUELLI
945 139 1277 182 APOLOGIA.

293 270 405 303 terra
424 273 506 299 non
528 257 570 298 in
592 256 759 297 duobus
778 253 1002 311 principiis,
1023 253 1094 294 sed
1124 252 1166 293 in
1197 267 1281 293 uno
1311 251 1513 308 principio
1543 258 1679 291 creata

293 327 477 369 fuerint?
522 327 611 366 Cur
644 323 726 372 ille,
761 323 934 379 ejusque
969 331 1200 372 sectatores,
1231 319 1604 376 Anabaptistarum
1639 326 1681 358 et

297 395 607 437 Libertinorum
628 406 755 440 more,
778 406 863 446 quo
885 389 1073 430 licentius
1099 398 1140 430 et
1171 388 1353 430 securius
1382 395 1680 444 grassarentur,

289 465 443 522 jugum
460 468 743 508 excusserunt,
760 467 801 499 et
818 474 858 498 se
879 458 932 498 ob
948 456 1059 498 omni
1075 456 1183 498 civili
1199 464 1400 512 potestate
1415 455 1682 496 exemerunt?

355 533 444 573 Cur
463 529 531 570 ille
557 528 714 583 legatos
747 541 855 575 suos,
877 524 955 564 hoc
985 532 1059 574 est,
1081 523 1361 564 callidissimos
1391 521 1682 578 exploratores,

296 599 423 640 habet
443 607 642 652 tanquam
663 594 705 634 in
725 592 896 643 insidiis,
915 591 959 632 in
988 590 1107 641 aulis,
1128 590 1171 630 in
1200 589 1394 639 conciliis,
1414 589 1457 630 in
1486 587 1687 630 cubiculis

299 668 466 722 Regum
498 663 715 706 omnium?
749 663 838 702 Cur
862 660 944 710 ille,
967 659 1040 700 ubi
1063 659 1194 699 visum
1226 666 1300 709 est,
1324 656 1538 713 Principes
1568 655 1688 696 Chri-

300 735 451 776 stianos
472 733 578 774 inter
599 747 640 772 se
660 728 893 778 committit,
916 737 957 769 et
976 743 1053 784 pro
1074 742 1148 767 sua
1172 726 1342 768 libidine
1369 725 1510 766 turbat
1529 723 1691 765 seditio-

299 802 422 843 nibus
449 801 591 841 orbem
623 799 855 839 terrarum?
899 797 987 837 Cur
1016 794 1234 851 proscribit
1263 804 1304 835 et
1333 809 1409 850 pro
1439 791 1621 834 Ethnico
1651 800 1692 833 et

302 871 473 925 Pagano
493 866 636 908 haberi
654 865 759 915 vult,
783 864 814 905 si
835 863 928 920 quis
949 863 1138 919 princeps
1161 862 1420 904 Christianus
1440 861 1493 902 ab
1518 860 1691 917 imperio

304 954 379 979 suo
404 935 658 982 discesserit3
691 945 732 975 et
761 932 1040 988 indulgentias
1069 931 1127 971 ita
1155 930 1378 972 liberaliter
1406 929 1636 986 pollicetur,
1660 929 1693 970 si

304 1006 399 1062 quis
428 1018 677 1061 quacunque
695 1001 864 1042 fratione
894 1000 1111 1041 interficiat
1141 999 1300 1040 hostem
1331 1000 1482 1039 suum?
1525 998 1598 1037 An
1627 995 1695 1036 ille

305 1083 518 1115 conservat
538 1070 709 1127 imperia
729 1080 769 1111 et
789 1084 930 1125 regna,
953 1077 1025 1109 aut
1044 1067 1212 1109 omnino
1232 1066 1466 1108 consultum
1481 1065 1596 1122 cupit
1611 1065 1695 1106 otio

306 1141 502 1198 publico?
537 1141 755 1195 Ignoscere
782 1137 900 1178 nobis
927 1137 1066 1187 debes,
1089 1136 1155 1192 pie
1185 1136 1324 1185 lector,
1349 1134 1379 1175 si
1409 1134 1488 1175 ista
1506 1134 1696 1174 videmur

307 1209 441 1251 acrius
470 1217 510 1249 et
531 1205 813 1247 vehementius
843 1220 979 1260 agere,
1002 1219 1126 1260 quam
1158 1204 1299 1244 deceat
1329 1203 1514 1244 homines
1544 1201 1698 1243 theolo-

310 1293 396 1334 gos
461 1278 602 1317 Tanta
621 1274 729 1315 enim
751 1283 810 1314 est
835 1273 893 1314 rei
921 1272 1159 1328 indignitas,
1182 1280 1379 1326 tantaque
1408 1270 1451 1311 in
1483 1270 1697 1320 Pontifice,

313 1354 482 1399 tamque
500 1343 703 1398 impotens
723 1341 851 1382 libido
870 1339 1124 1391 dominandi,
1148 1348 1193 1380 ut
1213 1338 1301 1379 aliis
1322 1338 1469 1387 verbis,
1491 1346 1564 1378 aut
1591 1347 1700 1378 tran-

316 1411 484 1468 quillius
505 1410 680 1467 proponi
704 1424 786 1450 non
815 1408 953 1465 possit.
1016 1407 1094 1449 Ille
1124 1407 1232 1448 enim
1263 1406 1304 1446 in
1334 1406 1502 1462 publico
1532 1405 1700 1447 concilio

318 1495 442 1521 ausus
468 1488 528 1520 est
556 1478 704 1527 dicere,
726 1491 846 1517 omne
870 1476 941 1532 jus
972 1477 1140 1532 Regum
1171 1475 1355 1516 omnium
1385 1489 1410 1515 a
1439 1490 1480 1515 se
1509 1473 1700 1530 pendere.

319 1548 397 1589 Ille
417 1546 664 1596 ambitionis,
686 1553 727 1586 et
746 1544 946 1600 regnandi
967 1559 1089 1585 causa
1105 1543 1294 1584 distraxit
1310 1544 1548 1583 Romanum
1566 1543 1703 1598 Impe-

318 1616 441 1665 rium,
473 1623 514 1655 et
543 1612 777 1662 commovit,
805 1627 850 1652 ac
881 1611 1072 1652 laceravit
1101 1611 1242 1652 orbem
1272 1610 1564 1651 Christianum.
1627 1607 1705 1649 Ille

321 1685 532 1724 Romanos
552 1690 676 1736 atque
699 1680 842 1729 Italos,
865 1695 990 1735 seque
1019 1679 1122 1720 adeo
1152 1679 1287 1735 ipsum
1312 1677 1599 1734 jurejurando,
1621 1692 1705 1732 quo

323 1749 570 1807 Imperatori
593 1749 742 1790 Graeco
761 1748 1109 1803 obstringebatur,
1132 1747 1289 1803 perfide
1318 1746 1519 1797 liberavit,
1542 1754 1583 1787 et
1613 1745 1709 1786 sub-

322 1818 429 1859 ditos
464 1817 517 1858 ad
550 1816 819 1861 defectionem
855 1815 1109 1862 sollicitavit;
1148 1824 1188 1856 et
1220 1814 1417 1855 Cal-olum
1449 1815 1655 1869 Magnum
1687 1829 1709 1853 e

324 1886 462 1927 Gallia
481 1886 523 1925 in
546 1884 710 1926 Italiam
731 1883 938 1930 evocavit;
972 1893 1012 1924 et
1033 1899 1127 1924 eum
1148 1898 1256 1923 novo
1275 1897 1388 1922 more
1410 1883 1709 1938 Imperatorem

323 1954 433 1995 fecit.
495 1952 572 1993 Ille
611 1952 827 1994 Gallorum
869 1953 1029 2008 Regem
1070 1950 1395 2007 Chilperichum,
1432 1965 1515 1990 non
1555 1948 1709 1989 malum

326 2022 576 2078 Principem,
601 2029 761 2061 tantum
785 2020 899 2076 quod
918 2020 995 2076 ipsi
1017 2035 1099 2060 non
1120 2019 1312 2076 placeret,
1331 2019 1383 2059 de
1404 2033 1532 2074 regno
1549 2016 1710 2073 dejecit,

326 2099 367 2131 et
386 2091 428 2131 in
450 2090 539 2146 ejus
558 2089 694 2130 locum
717 2089 913 2145 Pipinum
935 2088 1179 2144 surrogavit.
1241 2087 1327 2137 Ille,
1350 2086 1493 2142 ejecto,
1515 2085 1546 2126 si
1567 2085 1609 2125 id
1630 2085 1713 2125 effi-

328 2173 418 2200 cere
439 2157 653 2214 potuisset,
675 2156 871 2213 Philippo
893 2156 1075 2197 Pulchro
1098 2157 1225 2212 Rege,
1248 2154 1429 2198 decrevit
1447 2163 1573 2210 atque
1597 2153 1714 2209 adju-

331 2226 483 2268 dicavit
522 2240 697 2281 regnum
731 2225 880 2266 Galliae
915 2225 1093 2266 Alberto
1129 2224 1237 2280 Regi
1278 2225 1574 2264 Romanorum.
1638 2221 1715 2262 Ille

332 2293 628 2335 florentissimae
648 2292 836 2344 civitatis,
857 2302 897 2333 et
918 2292 1176 2348 Reipublicae
1204 2291 1426 2332 Florentiae
1444 2289 1599 2346 patriae
1630 2304 1714 2330 suae

332 2377 431 2418 opes
450 2361 588 2417 fregit,
611 2376 784 2416 eamque
805 2377 826 2401 e
852 2360 980 2401 libero
1007 2370 1047 2401 et
1077 2359 1300 2416 tranquillo
1330 2368 1456 2409 statu,
1477 2358 1599 2398 unius
1627 2357 1718 2397 libi-

335 2429 421 2470 dini
455 2429 498 2469 in
533 2444 702 2469 manum
736 2428 919 2469 tradidit.
979 2428 1051 2468 Ille
1082 2427 1361 2468 cohortatione
1391 2442 1465 2467 sua
1493 2425 1640 2474 effecit,
1671 2433 1719 2464 ut

338 2506 423 2538 tota
461 2496 670 2537 sabaudia
703 2496 798 2537 hinc
833 2496 885 2536 ab
918 2497 1169 2552 Imperatore
1201 2495 1350 2536 Carolo
1379 2494 1540 2550 quinto,
1570 2492 1666 2533 inde
1696 2506 1721 2531 a

340 2563 557 2605 Gallorum
590 2565 707 2619 Rege
739 2563 957 2604 Francisco
986 2563 1131 2603 misere
1160 2563 1472 2618 discerperetur,
1501 2569 1542 2601 et
1571 2557 1721 2599 infelici

340 2630 467 2679 Duci,
490 2631 558 2671 vix
583 2646 665 2671 una
683 2631 825 2672 civitas
846 2647 929 2687 quo
951 2647 991 2672 se
1011 2631 1222 2687 reciperet,
1245 2630 1557 2685 relinqueretur.

399 2699 550 2739 Taedet
580 2700 878 2755 exemplorum,
901 2710 940 2740 et
971 2699 1187 2740 molestum
1218 2708 1321 2740 esset
1349 2697 1486 2739 omnia
1516 2697 1723 2736 Romano-

342 2782 434 2807 rum
458 2767 706 2807 Pontificum
728 2768 890 2822 egregie
910 2768 1017 2808 facta
1041 2781 1366 2808 commemorare.
1430 2766 1632 2814 Quarum,
1654 2762 1725 2802 ob-
