1799 3077
269 109 354 148 122
660 107 889 149 JUELLI
922 107 1261 149 APOLOGIA.

53 244 172 272 contra
272 220 486 262 Christum
506 220 690 261 humana
709 235 783 261 sua
809 229 958 262 natura
980 236 1061 264 ‚nos
1090 221 1316 277 reliquisse,
1339 219 1552 261 divinitate
1581 233 1654 259 au-

51 285 238 357 fftylchem.
270 297 353 330 tem
374 304 455 329 non
477 287 713 344 reliquisse;
746 303 925 344 eumque
944 304 1038 329 cum
1060 288 1167 330 absit
1186 304 1212 329 a
1231 288 1349 329 nobis
1375 303 1449 344 per
1478 288 1652 329 formam

52 350 237 419 Fuiggnfius
269 357 388 407 servi,
411 366 547 397 tamen
569 370 729 411 semper
749 370 834 395 esse
854 355 1068 396 nobiscum
1088 371 1163 412 per
1181 355 1355 396 formam
1378 354 1470 396 Dei.

53 424 226 496 ξίξῑὴξξῇθω
330 424 401 465 Ab
420 423 490 464 illo
510 423 599 464 loco
619 422 825 463 credimus
847 421 1061 463 Christum
1082 422 1314 463 rediturum
1344 438 1429 463 esse
1459 421 1513 463 ad
1543 435 1657 461 exer-

53 510 215 539 mundum.
269 491 447 533 cendum
467 491 682 547 publicum
702 489 805 531 illud
820 489 1042 546 judicium,
1065 500 1150 531 tam
1170 490 1222 531 de
1241 490 1320 531 illis
1346 506 1451 546 quos
1477 488 1658 531 inveniet

269 559 408 601 adhuc
427 559 468 599 in
490 574 660 615 corpore
681 557 934 614 superstites,
955 573 1082 614 quam
1102 558 1155 600 de
1174 557 1362 598 mortuis.

329 627 548 669 Credimus
585 625 786 682 Spiritum
824 627 1035 676 Sanctum,
1067 625 1140 682 qui
1171 635 1232 667 est
1262 625 1382 666 tertia
1410 639 1587 681 persona
1615 623 1658 663 in

271 712 383 738 sacra
414 695 584 745 Triade,
612 694 729 735 illum
757 709 903 734 verum
934 709 1019 735 esse
1050 695 1218 741 Deum3
1262 708 1344 734 non
1373 693 1545 742 factum,
1576 706 1660 732 non

270 774 467 814 creatum,
503 778 587 803 non
619 761 822 818 genitum,
855 761 925 803 sed
959 762 1012 803 ab
1048 771 1241 818 utroque,
1277 763 1402 802 Patre
1437 760 1589 802 scilicet
1619 770 1662 801 et

271 832 394 882 Filio,
429 830 587 873 ratione
622 830 803 886 quadam
842 830 1085 871 mortalibus
1122 830 1330 886 incognita
1369 845 1416 870 ac
1450 828 1659 878 ineffabili,

270 899 574 957 procedentem.
638 898 758 939 Illius
778 913 863 939 esse
884 897 1079 938 duritiem
1101 898 1272 938 humani
1299 897 1434 938 cordis
1463 896 1659 947 emollire,

271 983 367 1010 cum
388 976 460 1008 aut
480 981 554 1023 per
576 966 829 1007 salutiferam
856 965 1191 1022 praedicationem
1222 965 1457 1022 Evangelii,
1480 974 1553 1005 aut
1583 964 1663 1004 alia

273 1050 523 1092 quacunque
545 1034 701 1076 ratione
719 1034 762 1074 in
781 1043 948 1091 pectora
968 1034 1184 1075 hominum
1204 1033 1426 1089 recipitur,
1460 1032 1578 1073 illum
1594 1047 1663 1073 eos

272 1104 519 1154 illuminare,
542 1112 582 1144 et
602 1103 643 1143 in
665 1102 917 1159 agnitionem
938 1102 1034 1153 Dei,
1056 1111 1182 1158 atque
1210 1101 1252 1142 in
1281 1116 1444 1142 omnem
1466 1100 1574 1142 viam
1596 1116 1665 1141 ve-

273 1172 405 1214 ritatis
424 1180 465 1213 et
482 1171 525 1212 in
546 1171 673 1213 totius
691 1170 784 1213 vitae
805 1171 1044 1222 novitatem,
1065 1180 1106 1212 et
1126 1180 1370 1227 perpetuam
1392 1169 1533 1210 salutis
1549 1183 1663 1225 spem

277 1240 515 1297 perducere.

335 1308 554 1350 Credimus
576 1323 701 1349 unam
722 1323 808 1349 esse
827 1307 1052 1349 Ecclesiam
1074 1306 1170 1357 Dei,
1192 1321 1365 1362 eamque
1387 1321 1469 1347 non
1493 1314 1542 1347 ut
1567 1305 1665 1346 olim

277 1376 388 1432 apud
411 1378 441 1417 J
446 1376 601 1425 udaeos,
621 1375 665 1415 in
685 1390 819 1416 unum
839 1375 1016 1431 aliquem
1039 1374 1254 1431 angulum,
1276 1382 1349 1415 aut
1369 1389 1544 1430 regnum
1572 1387 1668 1414 con—

277 1445 447 1495 clusam,
471 1443 541 1485 sed
562 1442 818 1495 catholicam,
838 1453 963 1499 atque
986 1443 1256 1485 universalem
1281 1458 1380 1493 esse,
1403 1452 1444 1483 et
1474 1442 1667 1483 diffusam

279 1513 321 1553 in
343 1522 477 1553 totum
499 1521 701 1552 terrarum
723 1511 880 1561 orbem,
903 1520 950 1552 ut
970 1511 1086 1552 nulla
1105 1526 1215 1552 nunc
1235 1510 1347 1551 natio
1363 1509 1411 1551 sit
1429 1526 1523 1565 quae
1541 1509 1670 1565 possit

279 1597 375 1622 vere
395 1579 604 1635 conqueri,
627 1595 668 1620 se
689 1579 896 1620 exclusam
917 1595 1016 1630 esse,
1038 1590 1079 1621 et
1099 1594 1181 1620 non
1201 1594 1319 1635 posse
1346 1578 1400 1619 ad
1428 1577 1669 1628 Ecclesiam,

281 1659 323 1691 et
341 1648 545 1705 populum
573 1647 654 1688 Dei
685 1647 904 1703 pertinere.
963 1650 1072 1689 Eam
1103 1646 1332 1688 Ecclesiam
1363 1661 1448 1687 esse
1477 1659 1670 1701 regnum,

280 1734 365 1759 esse
386 1732 549 1772 corpus,
571 1730 656 1756 esse
678 1730 868 1771 sponsam
891 1715 1072 1767 Christi3
1105 1716 1139 1771 ej
1148 1731 1194 1756 us
1224 1714 1340 1770 regni
1365 1714 1579 1755 Christum
1611 1728 1674 1754 so—

280 1786 369 1826 lum
388 1800 473 1825 csse
493 1783 744 1840 principem3
779 1783 868 1839 ejus
888 1783 1069 1839 corporis
1091 1782 1307 1824 Christum
1337 1781 1467 1822 solum
1497 1796 1582 1821 esse
1609 1796 1674 1822 ca-

281 1862 384 1909 put3
422 1852 511 1908 ejus
542 1866 701 1908 sponsae
731 1850 946 1891 Christum
977 1851 1109 1892 solum
1140 1866 1226 1891 esse
1257 1864 1466 1906 sponsum.
1533 1848 1675 1890 Varios

282 1921 325 1962 in
355 1921 540 1962 Ecclesia
568 1936 654 1961 esse
684 1919 849 1961 ordines
880 1919 1160 1961 ministrorum
1174 1936 1187 1971 3
1219 1919 1319 1960 alios
1344 1934 1429 1959 esse
1450 1917 1673 1968 Diaconos,

284 1989 384 2030 alios
414 1988 698 2044 Presbyteros,
721 1987 820 2028 alios
850 1988 1092 2044 Episcopos,
1115 1987 1268 2043 quibus
1298 1986 1502 2027 institutio
1530 1985 1675 2042 populi

285 2068 325 2098 et
345 2056 551 2113 religionis
571 2071 671 2097 cura
691 2064 732 2097 et
752 2056 988 2112 procuratio
1016 2055 1232 2096 commissa
1262 2054 1341 2103 sit;
1382 2054 1586 2095 neminem
1617 2063 1677 2095 ta-

284 2141 380 2166 men
400 2140 531 2166 unum
551 2141 625 2166 nec
646 2140 746 2174 esse,
768 2140 842 2166 nec
863 2141 949 2166 esse
969 2141 1103 2181 posse,
1125 2124 1199 2180 qui
1220 2138 1392 2165 summae
1418 2138 1557 2164 rerum
1588 2122 1679 2163 uni-

285 2209 414 2234 versae
445 2193 597 2250 praesit.
659 2194 769 2233 Nam
804 2202 845 2234 et
877 2193 1091 2234 Christum
1123 2207 1283 2248 semper
1312 2191 1452 2233 adesse
1481 2190 1678 2232 Ecclesiae

288 2277 388 2312 suae,
410 2270 450 2302 et
471 2260 623 2302 vicario
653 2261 834 2312 homine,
857 2261 930 2316 qui
961 2276 1011 2301 ex
1042 2276 1130 2302 asse
1159 2260 1201 2302 in
1232 2260 1442 2316 integrum
1473 2258 1677 2309 succedat,

288 2344 372 2370 non
393 2344 526 2385 egere,
549 2339 590 2370 et
610 2328 814 2370 neminem
836 2328 1048 2370 mortalem
1071 2345 1190 2385 posse
1211 2329 1398 2378 existere,
1420 2327 1492 2383 qui
1518 2326 1680 2367 univer-

290 2412 376 2437 sam
406 2397 650 2448 Ecclesiam,
682 2397 760 2438 hoc
791 2405 865 2447 est,
895 2412 1035 2437 omnes
1064 2406 1203 2453 partes
1232 2396 1343 2438 orbis
1373 2405 1590 2448 terrarum,
1615 2393 1680 2434 vel

291 2464 428 2506 animo
448 2464 678 2521 complecti,
701 2464 855 2506 nedum
882 2464 1026 2506 ordine
1055 2464 1266 2515 collocare,
1289 2473 1330 2505 et
1359 2472 1467 2505 recte
1497 2479 1544 2504 ac
1574 2477 1682 2503 com-

78 2551 126 2578 De
142 2545 260 2584 simpli·
293 2532 415 2573 mode
435 2532 720 2574 administrare
740 2533 890 2589 possit:
924 2533 1165 2589 Apostolos,
1187 2543 1235 2574 ut
1254 2532 1490 2589 Cyprianus
1505 2530 1576 2579 ait,
1592 2530 1681 2586 pari

79 2592 268 2663 fgssgffilffae‘
295 2615 436 2641 omnes
456 2600 562 2641 inter
583 2616 623 2641 se
644 2600 768 2642 fuisse
788 2609 990 2657 potestate
1007 2618 1018 2649 3
1051 2611 1176 2657 atque
1195 2601 1273 2642 hoc
1293 2600 1401 2641 idem
1429 2599 1554 2640 fuisse
1583 2598 1683 2639 alios

297 2667 412 2724 quod
432 2669 583 2708 Petrus
603 2668 702 2716 fuit;
735 2669 928 2710 omnibus
948 2685 999 2710 ex
1020 2685 1142 2725 aequo
1162 2669 1318 2710 dictum
1338 2667 1478 2716 fuisse,
1500 2666 1680 2715 Pascite;

298 2735 504 2787 omnibus,
547 2737 613 2777 Ite
651 2736 694 2779 in
733 2737 938 2779 mundum
979 2738 1244 2785 universum;
1285 2735 1488 2787 omnibus,
1526 2736 1683 2777 Docete
