1799 3077
265 122 349 162 328
591 119 826 160 NOELLI
861 117 1327 159 CATECHISMUS.

265 236 362 276 Non
382 233 490 276 enim
511 233 584 290 qui
605 233 783 274 audiunt
801 241 1001 282 Stantum,
1022 230 1343 287 intelliguntque
1359 229 1532 271 v'erbum
1553 231 1649 282 Dei,

265 303 335 344 sed
356 303 428 359 qui
456 302 538 344 Dei
557 301 761 343 voluntati
788 300 1092 356 obsequuntur,
1113 307 1238 354 atque
1264 296 1437 353 imperio
1462 298 1552 354 ejus
1579 299 1652 340 ob-

265 380 509 429 temperant,
530 370 639 412 beati
658 379 790 411 erunt.
843 370 937 410 Imo
959 384 1099 409 servus
1118 368 1200 419 ille,
1223 367 1296 424 qui
1316 366 1487 408 Domini
1510 367 1652 409 volun-

265 449 389 482 tatem
412 439 586 490 noverit,
606 454 741 495 neque
761 436 1064 487 obsecundarit,
1088 436 1272 493 tgravius
1292 435 1525 492 vapulabit,
1547 436 1651 478 adeo

265 508 367 550 nihil
396 508 564 566 prodest
593 507 769 564 pietatis,
798 505 1110 562 Religionisque
1132 521 1241 546 verae
1265 504 1549 561 intelligentia,
1575 504 1652 546 nisi

265 577 362 619 vitae
391 577 513 619 etiam
542 576 769 633 integritas,
799 574 1044 626 innocentia,
1066 583 1191 631 atque
1222 572 1414 614 sanctitas
1443 572 1652 614 accedant.

266 647 363 702 Age
392 646 534 703 igitur,
567 645 621 686 mi
652 644 750 696 Fili,
782 643 893 685 omni
929 659 1028 685 cura
1060 652 1101 684 et
1134 641 1379 699 cogitatione
1410 641 1452 682 in
1483 641 1561 683 hoc
1592 642 1653 683 in-

266 714 427 764 cumbe,
450 723 498 754 ut
517 729 569 754 ne
588 713 630 754 in
650 712 782 754 officio
804 712 966 763 labaris,
989 720 1062 753 aut
1081 711 1134 752 ab
1161 711 1237 752 hac
1264 710 1345 767 piae
1365 709 1462 752 vitae
1492 725 1650 762 norma,

266 790 391 838 atque
411 782 719 839 praescriptione
741 796 925 838 unquam
947 780 1121 822 aberres.

324 852 379 891 A.
412 852 536 892 Dabo
565 866 746 908 operam,
767 849 998 891 venerande
1019 851 1269 905 Praeceptor,
1293 857 1333 889 et
1353 847 1455 888 nihil
1484 856 1653 904 praeter-

267 919 442 970 mittam,
463 929 669 976 quantum
689 919 855 976 quidem
884 919 1031 969 facere,
1058 928 1099 959 et
1125 917 1237 959 omni
1267 932 1345 973 ope
1375 925 1500 972 atque
1528 931 1654 973 opera

267 987 366 1029 eniti
387 1003 568 1045 possum,
591 1004 676 1045 quo
704 987 945 1045 professioni
972 986 1210 1043 nominique
1233 984 1468 1027 Christiano
1487 999 1653 1041 respon-

267 1055 398 1097 deam.
461 1056 543 1098 Sed
564 1067 604 1098 et
624 1072 649 1097 a
670 1058 762 1098 Deo
789 1056 946 1113 optimo
977 1055 1157 1096 maximo
1187 1053 1361 1111 supplex
1392 1052 1583 1110 precibus
1613 1061 1654 1094 et

267 1124 373 1166 votis
398 1125 589 1166 omnibus
615 1140 775 1181 semper
805 1139 1036 1181 exposcam,
1058 1139 1110 1165 ne
1139 1122 1313 1164 coelestis
1343 1121 1540 1163 doctrinae
1568 1136 1654 1162 suae

268 1208 421 1244 semen,
442 1193 486 1236 in
506 1193 643 1234 animo
663 1209 754 1234 meo
773 1193 891 1250 quasi
911 1193 1026 1234 arido
1046 1200 1068 1220 u
1083 1191 1292 1247 sterilique
1323 1190 1408 1232 solo
1435 1198 1654 1246 exceptum

268 1262 401 1319 perire
421 1262 550 1310 sinat3
584 1263 655 1303 sed
675 1261 820 1319 gratiae
840 1277 926 1303 suae
947 1260 1134 1302 XDivino
1161 1275 1252 1301 rore
1279 1259 1412 1301 cordis
1438 1259 1518 1300 mei
1546 1258 1656 1300 sicci-

269 1339 410 1380 tatem,
432 1330 768 1387 sterilitatemque
788 1330 846 1372 ita
865 1330 1007 1386 irriget
1033 1339 1158 1385 atque
1182 1328 1408 1379 foecundet,
1432 1337 1480 1369 ut
1507 1327 1655 1368 uberes

268 1399 431 1456 pietatis
454 1399 615 1441 fructus
634 1400 778 1450 feram,
800 1399 843 1440 in
869 1398 986 1455 regni
1013 1397 1186 1440 coelestis
1207 1397 1426 1438 yhorreum
1450 1405 1491 1437 et
1511 1394 1654 1437 cellam

269 1467 517 1518 condendos,
540 1477 666 1523 atque
686 1467 953 1524 reponendos

331 1538 393 1577 Μ.
427 1537 495 1577 Ita
515 1536 652 1587 facito,
674 1536 730 1577 mi
752 1535 848 1587 Fili,
871 1551 1006 1591 neque
1027 1534 1185 1584 dubita,
1209 1533 1310 1589 quin
1331 1532 1393 1574 uti
1419 1532 1525 1573 hanc
1545 1547 1657 1572 men-

271 1613 354 1645 tem
375 1604 714 1661 voluntatemque
743 1605 864 1645 zDeo
894 1604 1000 1645 duce
1031 1601 1257 1658 suscepisti,
1288 1601 1346 1642 ita
1376 1600 1501 1642 studii
1530 1600 1657 1657 hujus

272 1674 348 1723 tui,
379 1682 633 1730 conatusque
663 1672 720 1730 pii
750 1681 944 1714 eventum
975 1682 1016 1714 et
1045 1671 1218 1721 exitum,
1246 1685 1370 1727 quem
1395 1680 1514 1726 optas
1532 1679 1664 1726 atque.

272 1751 478 1799 expectaS,
500 1741 544 1782 id
564 1750 639 1792 est,
666 1740 884 1798 optimum,
913 1739 1292 1795 foelicissimumque
1321 1747 1560 1795 reperturus
1590 1736 1656 1788 sis,

273 1819 398 1867 atque
418 1810 649 1851 habiturus.

316 1954 326 1968 Β
352 1948 432 1978 Mat.
447 1947 502 1978 vii.
521 1956 571 1978 21.
595 1947 651 1977 xii.
668 1954 720 1987 50.
746 1946 824 1977 Luc.
842 1945 887 1977 xi.
904 1945 955 1977 28.
981 1945 1077 1976 Rom.
1094 1944 1127 1974 ii.
1148 1953 1196 1983 ¹3-
1218 1944 1330 1974 Jacob.
1345 1943 1366 1974 i.
1385 1952 1437 1980 22,
1456 1952 1508 1982 23,
1528 1953 1579 1982 24,
1600 1945 1659 1976 διε.

273 2005 282 2024 ¹
298 2002 377 2032 Luc.
393 2001 450 2032 xii.
466 2008 519 2042 47.
542 2001 655 2032 Jacob.
672 2001 715 2031 iv.
736 2007 784 2041 17.
978 2007 991 2020 ¹¹
1008 2000 1090 2030 Mat.
1107 1999 1179 2030 xiii.
1194 2008 1227 2037 4,
1244 2006 1277 2039 5,
1293 1998 1325 2037 6,
1345 2006 1375 2039 7,
1396 2009 1446 2039 19,
1465 2008 1517 2037 20,
1537 2009 1589 2038 21,
1608 2010 1658 2031 22.

274 2061 288 2075 Χ
304 2055 387 2086 Psal.
403 2056 425 2086 i.
441 2065 472 2095 3.
497 2056 557 2087 civ.
577 2065 626 2095 13.
651 2056 734 2086 Mat.
749 2054 839 2085 xxiii.
856 2054 889 2092 8,
906 2063 956 2093 23.
984 2063 996 2083 1
1015 2054 1088 2084 Cor.
1105 2053 1152 2083 iii.
1169 2052 1201 2091 6,
1220 2059 1249 2092 7.
1415 2058 1428 2078 y
1446 2053 1528 2084 Mat.
1545 2053 1590 2084 iii.
1611 2063 1659 2084 12.

276 2109 354 2142 Luc.
371 2109 415 2140 iii.
433 2117 481 2149 17.
610 2115 622 2129 Ζ
641 2119 656 2140 2
676 2109 751 2140 Cor.
767 2109 814 2140 iii.
832 2116 863 2149 5.
886 2108 965 2139 Phil.
979 2108 1012 2139 ii.
1033 2116 1082 2146 12,
1102 2117 1150 2147 13·
1175 2145 1179 2149 ι
