1799 3077
501 116 731 158 JUELLI
764 116 1101 157 APOLOGIA.
1409 120 1490 163 119

104 237 195 270 cata
223 244 297 271 nos
326 229 522 282 odissent,
542 240 584 271 et
614 229 823 286 quidquid
851 245 876 270 a
906 229 1024 271 nobis
1053 228 1273 279 diceretur,
1295 229 1492 273 haberent

104 312 181 353 pro
201 297 378 339 factione
398 306 440 339 et
460 297 619 347 haeresi,
641 313 666 338 a
689 313 733 338 re
760 297 850 354 ipsa
875 307 916 339 et
945 314 970 338 a
999 296 1231 353 cognitione
1261 312 1394 339 causae
1423 299 1493 340 ab·

104 365 367 407 ducerentur.
431 365 512 407 Sed
533 376 690 422 quanto
711 366 864 406 crimen
891 365 997 406 illud
1028 365 1197 421 gravius
1227 374 1288 406 est
1318 375 1358 406 et
1387 375 1494 407 atro-

104 432 205 483 cius,
227 442 343 474 tanto
363 433 618 490 argumentis
637 433 878 490 majoribus,
901 442 941 474 et
965 432 1206 474 clarioribus
1233 433 1399 489 probari
1425 434 1494 474 de-

104 500 210 550 buit,
231 500 309 542 hoc
334 501 562 557 praesertim
594 511 792 557 tempore,
813 510 1035 557 postquam
1066 500 1252 541 homines
1281 510 1495 556 coeperunt

105 568 242 610 minus
258 568 432 610 istorum
453 569 627 610 oraculis
642 569 793 610 habere
812 568 923 619 fidei,
945 577 986 609 et
1006 568 1049 609 in
1076 568 1240 609 illorum
1268 568 1495 609 doctrinam

105 635 343 692 diligentius
362 637 570 693 inquirere
590 652 716 693 quam
739 636 938 677 solebant.
989 636 1127 677 Aliter
1157 636 1266 677 enim
1297 652 1407 677 nunc
1436 636 1496 676 in-

105 704 275 746 stitutus
296 714 357 746 est
374 705 556 761 populus
576 704 673 755 Dei,
691 713 817 760 atque
837 703 935 744 olim
950 704 1045 755 fuit,
1068 720 1163 745 cum
1190 704 1327 745 omnia
1355 704 1497 745 Ponti-

105 773 229 813 ficum
251 774 536 814 Romanorum
559 772 712 813 dictata
731 772 983 813 haberentur
1003 788 1079 828 pro
1096 772 1338 828 Evangelio,
1356 782 1396 814 et
1411 787 1497 813 om-

104 840 167 881 nis
194 840 360 896 Religio
386 840 439 882 ab
470 840 636 882 illorum
669 849 831 881 tantum
862 840 1106 881 auctoritate
1137 840 1347 895 penderet.
1408 842 1496 881 Ex-
1512 845 1635 875 z-Tim-
1652 845 1695 877 iii.

106 917 195 950 tant
215 909 338 950 hodie
359 924 483 950 sacrae
503 909 646 960 literae,
669 917 812 949 extant
834 908 985 964 scripta
1005 908 1305 964 Apostolorum
1327 918 1367 949 et
1395 910 1496 949 Pro-

104 978 340 1034 phetarum,
363 993 413 1018 ex
434 977 588 1033 quibus
606 986 647 1018 et
666 977 799 1018 omnis
820 976 983 1027 veritas,
1006 986 1047 1017 et
1076 976 1264 1017 doctrina
1285 977 1498 1019 Catholica

107 1046 273 1103 probari
293 1045 435 1103 possit,
456 1055 498 1087 et
518 1045 650 1087 omnis
669 1045 835 1087 haeresis
855 1044 1041 1086 refutari.

166 1108 275 1155 Cum
296 1115 398 1155 nihil
418 1115 569 1156 horum
589 1115 641 1156 ab
661 1115 749 1156 istis
768 1115 1019 1172 proseratur,
1040 1124 1177 1156 tamen
1198 1130 1270 1156 nos
1285 1114 1498 1156 haereticos

107 1183 317 1240 appellari,
342 1183 415 1239 qui
443 1199 517 1224 nec
543 1199 568 1224 a
590 1184 771 1236 Christo,
794 1199 867 1225 nec
899 1184 952 1225 ab
985 1184 1215 1240 Apostolis,
1238 1200 1312 1225 nec
1344 1199 1368 1224 a
1400 1184 1498 1224 Pro-

108 1251 243 1308 phetis
283 1251 567 1302 defecerimus,
603 1251 850 1308 injuriosum
891 1262 952 1293 est
986 1262 1027 1293 et
1060 1252 1340 1308 peracerbum.
1402 1253 1499 1292 Hoc

108 1319 247 1375 gladio
276 1320 467 1362 Christus
494 1320 634 1377 rejecit
665 1320 908 1372 Diabolum,
929 1336 1024 1362 cum
1057 1321 1110 1362 ab
1142 1321 1212 1362 illo
1243 1322 1495 1368 tentaretur3

107 1387 171 1428 his
191 1388 314 1430 armis
337 1389 560 1430 evertenda
579 1398 620 1430 et
646 1389 906 1445 profliganda
936 1399 996 1430 est
1028 1389 1160 1430 omnis
1190 1388 1380 1438 altitudo,
1404 1403 1498 1443 quae

108 1471 193 1497 sese
213 1457 363 1498 attollit
382 1458 579 1499 adversus
599 1458 752 1498 Deum.
813 1457 958 1498 Omnis
985 1457 1092 1497 enim
1124 1447 1339 1512 scriptura,
1363 1455 1497 1511 inquit
1512 1459 1624 1489 2·C01·
1641 1467 1669 1486 x.

109 1525 281 1576 Paulus,
305 1526 500 1567 divinitus
520 1525 730 1581 inspirata,
753 1525 866 1565 utilis
885 1533 946 1565 est
965 1524 1018 1565 ad
1039 1524 1286 1574 docendum,
1309 1523 1361 1564 ad
1389 1523 1498 1564 refu·
1512 1533 1540 1554 2·
1557 1525 1637 1554 Tim.
1657 1524 1701 1552 iii.

110 1593 299 1644 tandum,
321 1594 375 1634 ad
406 1593 721 1643 instituendum,
744 1594 797 1634 ad
829 1593 1105 1650 arguendum,
1128 1602 1176 1634 ut
1202 1593 1265 1633 vir
1296 1592 1377 1633 Dei
1409 1608 1499 1648 per-

108 1661 241 1702 fectus
262 1661 327 1711 sit,
349 1670 391 1702 et
409 1661 463 1702 ad
482 1676 603 1702 omne
623 1676 729 1717 opus
754 1661 911 1702 bonum
942 1661 1180 1702 instructus.
1243 1660 1309 1701 Sic
1340 1675 1498 1715 semper

109 1729 168 1786 pii
208 1731 354 1771 Patres
392 1739 535 1771 contra
574 1730 786 1770 haereticos
822 1744 902 1770 non
940 1729 1120 1780 aliunde,
1157 1744 1281 1785 quam
1320 1744 1342 1769 e
1378 1728 1498 1769 sacris

113 1798 335 1854 Scripturis
369 1806 675 1854 pugnaverunt.
736 1797 1006 1853 Augustinus
1042 1812 1137 1838 cum
1168 1797 1398 1853 disputaret
1427 1796 1556 1837 ad-De
1574 1804 1692 1833 unitate

112 1883 254 1908 versus
275 1866 534 1908 Petelianum
562 1865 802 1908 haereticum
833 1866 1118 1908 Donatistam:
1153 1867 1233 1916 Ne,
1255 1865 1405 1924 inquit,
1428 1880 1497 1906 au-
1510 1847 1708 1919 {gglgncl'sffih

111 1935 280 1977 diantur
308 1935 415 1976 inter
445 1951 518 1977 nos
548 1935 637 1976 haec
657 1935 798 1984 verba,
822 1935 916 1990 Ego
947 1934 1052 1984 dico,
1074 1942 1147 1974 aut
1169 1934 1241 1974 Tu
1272 1932 1394 1973 dicis:
1432 1932 1497 1974 Sic
1509 1933 1714 2005 ξῐῗῑὲῖἓὲῑὲθ·

109 2003 248 2059 potius
268 2003 467 2055 dicamus,
489 2004 596 2044 Haec
617 2002 716 2043 dicit
738 2002 969 2050 Dominus,
1003 2002 1059 2043 ibi
1089 2016 1325 2057 quaeramus
1354 2000 1497 2042 Eccle-
1507 2019 1671 2049 Maximin.

111 2071 210 2112 siam
225 2088 237 2123 3
269 2071 326 2112 ibi
356 2071 625 2112 discutiamus
654 2085 819 2112 causam
849 2078 1042 2111 nostram.
1103 2070 1161 2110 Et
1182 2062 1693 2143 ΗὶεΥοηγῐηηεεὲἑῑίἓὲἕέἓΞ

113 2139 277 2190 Omnia,
299 2139 450 2196 inquit,
472 2155 520 2181 ea
539 2155 634 2195 quae
655 2139 811 2195 absque
842 2137 1073 2178 testimonio
1104 2137 1349 2193 scriptorum
1380 2135 1646 2195 quasilib.3.·c.
1660 2155 1708 2184 14.

111 2206 264 2247 tradita
293 2208 346 2248 ab
378 2207 593 2263 Apostolis
628 2214 880 2255 asseruntur,
912 2204 1202 2261 percutiuntur
1236 2203 1375 2259 gladio
1405 2203 1497 2243 Dei.
1512 2191 1708 2272 ἱξρρᾌῐξέζζ

112 2275 357 2316 Ambrosius
377 2275 500 2316 etiam
527 2276 581 2316 ad
603 2274 851 2317 Gratianum
882 2274 1204 2329 Imperatorem:
1240 2273 1502 2327 Interrogen-

113 2353 196 2393 tur,
219 2343 370 2399 inquit,
392 2344 631 2400 scripturae,
664 2343 971 2398 interrogentur
990 2340 1211 2397 Apostoli;
1250 2340 1503 2395 interrogen-

114 2421 182 2451 tur
204 2411 453 2467 Prophetae;
487 2411 765 2466 interrogetur
787 2410 990 2451 Christus.
1050 2409 1147 2449 Non
1166 2408 1427 2459 dubitabant,
1444 2407 1504 2448 vi-

114 2479 275 2530 delicet,
289 2489 377 2520 tum
401 2479 596 2535 temporis
616 2478 804 2519 catholici
821 2480 966 2518 Patres
982 2486 1022 2517 et
1039 2476 1246 2532 Episcopi,
1264 2475 1502 2532 religionem

114 2557 294 2589 nostram
319 2547 414 2588 satis
436 2562 457 2587 e
477 2546 626 2587 divinis
650 2545 872 2602 Scripturis
887 2544 1051 2600 probari
1068 2560 1205 2600 posse,
1229 2559 1301 2584 nec
1317 2558 1502 2599 unquam

114 2616 173 2656 illi
194 2630 433 2672 quenquam
454 2615 605 2655 habere
625 2613 715 2654 ausi
735 2622 832 2654 sunt
851 2628 927 2668 pro
946 2612 1154 2664 haeretico,
1176 2613 1295 2668 cujus
1325 2626 1502 2653 errorem

114 2699 198 2726 non
218 2693 385 2741 possent
409 2699 459 2724 ex
489 2682 632 2724 iisdem
663 2681 741 2722 illis
774 2680 996 2736 Scripturis
1025 2680 1253 2736 perspicue,
1277 2689 1317 2721 et
1346 2679 1503 2736 liquido

116 2768 351 2810 coarguere.
411 2752 500 2793 Nos
520 2750 703 2807 quidem,
725 2758 771 2791 ut
803 2764 897 2790 cum
929 2750 982 2789 D.
1007 2748 1140 2789 Paulo
1170 2748 1501 2804 respondeamus,
1515 2758 1586 2787 Act.
1602 2756 1681 2785 xxiv.

816 2831 829 2856 l
854 2819 880 2857 4
