1799 3077
510 125 739 166 JUELLI
774 126 1111 167 APOLOGIA.
1427 132 1508 172 143

119 239 272 279 Deum.
334 237 408 278 Ad
447 237 536 279 haec
575 238 713 279 omnia
747 239 824 280 hoc
862 239 984 280 etiam
1023 239 1155 280 solent
1190 240 1354 290 addere,
1387 242 1510 298 idque

118 306 230 347 omni
251 306 525 347 convitiorum
551 322 701 363 genere
730 307 994 363 amplificare,
1016 323 1090 349 nos
1119 323 1204 349 esse
1223 308 1408 349 homines
1427 319 1512 350 tur-

120 373 326 424 bulentos,
351 375 540 430 Regibus
561 384 722 432 sceptra
741 375 793 416 de
813 376 1004 417 manibus
1028 377 1200 433 eripere,
1221 376 1425 433 populum
1452 393 1514 418 ar-

120 457 246 492 mare,
269 442 491 484 tribunalia
507 453 702 494 evertere,
720 444 831 501 leges
851 445 1092 496 rescindere,
1109 445 1381 501 possessiones
1401 446 1514 486 dissi·
1524 460 1709 491 Tertullian.

1526 503 1556 530 in
1575 503 1708 543 Apolog-

118 525 231 566 pare,
249 526 377 567 regna
395 512 447 552 ad
469 512 711 568 popularem
734 522 886 554 statum
908 529 1113 564 revocare,
1137 528 1299 554 sursum
1321 513 1512 554 deorsum
1530 554 1558 583 I,
1577 554 1607 582 2,
1625 551 1655 576 et
1672 556 1689 585 3

120 578 258 619 omnia
283 579 562 628 confundere3
594 581 775 622 breviter
802 581 844 621 in
873 582 1041 637 Repub.
1063 581 1167 622 nihil
1194 581 1401 637 integrum
1430 598 1514 623 esse

120 647 237 688 velle.
299 649 336 689 Ο
359 648 520 704 quoties
547 649 611 690 his
640 649 776 690 verbis
803 649 1163 691 inflammaverunt
1183 651 1339 691 animos
1359 650 1515 691 Princi-

120 731 237 772 pum,
260 725 308 757 ut
327 717 385 757 illi
404 717 447 758 in
467 717 596 758 herba
611 718 901 774 extinguerent
916 718 1050 759 lucem
1066 718 1298 775 Evangelii,
1316 718 1514 775 priusque

119 783 225 824 illud
259 784 392 825 odisse
426 784 667 841 inciperent,
699 801 825 841 quam
856 801 972 826 nosse
1002 795 1192 842 possent;
1227 795 1357 843 utque
1387 786 1514 842 magi-

120 861 286 903 stratus,
319 852 480 908 quoties
507 853 686 909 aliquem
713 853 872 895 videret
903 862 1090 894 nostrum
1120 854 1240 895 toties
1273 870 1313 895 se
1347 864 1513 911 putaret

121 921 281 962 hostem
302 921 442 962 videre
463 937 598 962 suum.

181 989 410 1030 Molestum
432 990 601 1046 quidem
622 989 740 1030 nobis
761 998 865 1031 esset
884 990 943 1031 ita
963 990 1101 1031 odiose
1122 991 1302 1031 accusari
1326 991 1514 1046 gravissi-

123 1072 191 1098 mo
221 1056 389 1098 crimine
419 1057 657 1114 majestatis,
690 1057 766 1098 nisi
802 1057 996 1099 sciremus
1028 1058 1242 1099 Christum
1274 1058 1410 1114 ipsum
1442 1058 1513 1099 ali-

121 1125 305 1181 quando,
337 1134 377 1167 et
407 1125 647 1182 ApostOIOS,
679 1134 721 1166 et
759 1125 940 1167 infinitos
978 1125 1078 1167 alios
1117 1126 1302 1167 homines
1338 1126 1441 1183 pios,
1472 1136 1513 1168 et

125 1193 394 1244 Christianos,
416 1203 582 1235 vocatos
603 1193 728 1234 fuisse
749 1193 792 1234 in
812 1193 1024 1245 invidiam,
1046 1194 1190 1235 eodem
1217 1194 1303 1235 fere
1331 1195 1510 1236 crimine.

123 1263 233 1302 Nam
274 1262 467 1304 Christus
505 1262 689 1319 quidem,
731 1263 920 1318 quamvis
958 1263 1162 1304 docuisset
1202 1263 1387 1304 dandum
1428 1280 1512 1305 esse

123 1331 291 1382 Caesari,
313 1330 427 1387 quod
458 1340 562 1372 esset
594 1331 782 1382 Caesaris,
805 1341 941 1372 tamen
966 1340 1181 1372 accusatus
1206 1342 1267 1372 est
1288 1332 1510 1383 seditionis,

121 1400 236 1456 quod
265 1415 330 1441 res
360 1416 486 1442 novas
516 1400 664 1451 moliri,
687 1411 727 1441 et
754 1416 928 1457 regnum
957 1410 1150 1456 appetere
1176 1401 1404 1449 diceretur3
1438 1402 1512 1443 ita-

123 1485 206 1525 que
226 1469 497 1509 occlamatum
519 1477 580 1509 est
600 1483 676 1524 pro
698 1468 974 1509 tribunalibus
994 1468 1158 1524 publice
1179 1468 1375 1509 adversus
1395 1485 1507 1510 eum:

125 1536 167 1577 Si
205 1536 316 1577 hunc
353 1535 540 1585 dimittis,
581 1551 663 1576 non
704 1551 746 1576 es
784 1535 938 1575 amicus
979 1535 1167 1576 Caesaris.
1226 1536 1283 1576 Et
1318 1537 1511 1592 Apostoli

123 1605 313 1660 quamvis
344 1620 504 1661 semper
533 1612 575 1645 et
603 1611 837 1645 constanter
870 1603 1105 1644 docuissent
1140 1604 1510 1659 obtemperandum

122 1689 207 1713 esse
234 1673 567 1729 magistratibus3
601 1687 763 1713 omnem
791 1672 968 1713 animam
999 1672 1278 1728 superioribus
1301 1673 1512 1728 potestati-

121 1741 200 1782 bus
221 1757 307 1783 esse
328 1741 562 1788 subditam;
595 1740 723 1797 idque
752 1755 835 1781 non
866 1749 1027 1781 tantum
1052 1749 1222 1796 propter
1241 1740 1343 1781 iram
1365 1750 1405 1782 et
1424 1741 1512 1781 vin-

123 1809 289 1861 dictam,
319 1810 391 1851 sed
421 1810 544 1851 etiam
574 1818 744 1865 propter
773 1808 1084 1856 conscientiam;
1119 1818 1255 1849 tamen
1286 1809 1384 1850 dicti
1415 1819 1512 1850 sunt

121 1894 378 1920 commovere
411 1878 630 1935 populum,
662 1888 703 1918 et
733 1876 1042 1918 multitudinem
1072 1876 1125 1917 ad
1155 1876 1416 1918 rebellionem
1451 1877 1511 1918 in-

120 1946 259 1988 citare.
318 1949 511 1988 Amanus
541 1946 618 1987 hoc
649 1945 826 1986 maxime
855 1953 989 2001 pacto,
1020 1960 1152 2001 genus
1181 1954 1222 1986 et
1251 1960 1400 1986 nomen
1430 1947 1459 1986 J
1464 1962 1509 1986 u-
1521 1959 1641 1988 Esther.

121 2015 307 2055 daeorum
339 2014 516 2056 adduxit
547 2014 588 2055 in
619 2014 761 2054 odium
797 2013 911 2069 apud
946 2028 1084 2068 regem
1116 2010 1363 2065 Assuerum,
1394 2014 1507 2069 quod

120 2082 211 2123 illos
231 2082 384 2123 diceret
403 2098 488 2123 esse
508 2081 713 2138 populum
734 2080 925 2122 rebellem
948 2090 988 2121 et
1008 2089 1305 2131 contumacem,
1328 2090 1368 2121 et
1390 2081 1509 2121 Prin-

119 2150 259 2206 cipum
281 2150 414 2191 edicta
432 2159 473 2191 et
486 2150 603 2206 jussa
628 2158 899 2191 contemnere.
964 2148 1125 2204 Impius
1147 2150 1240 2189 Rex
1262 2149 1506 2199 Achabbus,

121 2219 227 2260 Eliae
255 2218 478 2274 Prophetae
506 2218 615 2266 Dei3
650 2219 737 2267 Tu,
759 2216 908 2273 inquit,
930 2217 1150 2257 conturbas
1178 2216 1320 2257 Israel.
1378 2218 1627 2266 Ama-meg.
1640 2227 1723 2257 xviii.

121 2287 198 2328 sias
218 2287 405 2328 sacerdos
421 2287 583 2337 Bethel,
600 2286 714 2343 apud
732 2287 891 2341 Regem
910 2285 1180 2335 Hieroboam,
1197 2292 1360 2325 accusat
1375 2286 1508 2324 Amos

122 2355 375 2410 Prophetam
406 2354 738 2411 conspirationis:
764 2355 897 2408 Ecce,
925 2352 1075 2408 inquit,
1098 2355 1231 2393 Amos
1261 2351 1507 2407 conjuratio-
1519 2363 1614 2391 Amos
1632 2363 1682 2392 vii.

121 2437 216 2463 nem
240 2422 337 2463 fecit
356 2431 498 2464 contra
519 2434 573 2473 te,
595 2423 637 2463 in
659 2422 794 2462 medio
821 2421 970 2462 domus
992 2420 1131 2461 Israel.
1193 2419 1381 2460 Breviter
1402 2421 1507 2460 Ter-
1518 2430 1554 2458 1n
1571 2431 1690 2468 Apolo-

121 2489 319 2531 tullianus
339 2490 410 2540 ait,
433 2490 631 2531 adversus
650 2504 791 2530 omnes
813 2488 1067 2529 Christianos
1091 2487 1195 2528 hanc
1222 2502 1297 2528 suo
1324 2497 1507 2543 tempore
1520 2477 1581 2554 {fit
1599 2483 1664 2512 ΜΡ·

121 2558 419 2599 accusationem
458 2557 584 2598 fuisse
623 2555 859 2613 publicam3
898 2571 983 2595 esse
1021 2554 1111 2595 illos
1150 2555 1392 2611 proditores,
1424 2570 1510 2595 esse

121 2626 367 2682 perduelles,
390 2641 475 2666 esse
495 2625 632 2666 hostes
653 2623 822 2664 humani
843 2623 1014 2679 generis.

181 2694 318 2743 Quare
354 2693 385 2734 si
418 2708 527 2734 nunc
563 2707 730 2748 quoque
764 2690 913 2732 veritas
947 2689 1053 2731 male
1091 2689 1247 2739 audiat,
1279 2698 1333 2739 et,
1365 2689 1505 2730 eadem

120 2774 214 2799 cum
246 2760 310 2810 sit,
338 2760 481 2801 iisdem
512 2775 620 2800 nunc
651 2757 907 2799 contumeliis
937 2757 1150 2805 afficiatur,
1181 2757 1333 2812 quibus
1363 2756 1503 2796 affecta
