<?xml version="1.0" encoding="UTF-8"?>
<!DOCTYPE html PUBLIC "-//W3C//DTD XHTML 1.0 Transitional//EN"
    "http://www.w3.org/TR/xhtml1/DTD/xhtml1-transitional.dtd">
<html xmlns="http://www.w3.org/1999/xhtml" xml:lang="en" lang="en">
 <head>
  <title>
</title>
<meta http-equiv="Content-Type" content="text/html;charset=utf-8" />
  <meta name='ocr-system' content='tesseract 3.04.00' />
  <meta name='ocr-capabilities' content='ocr_page ocr_carea ocr_par ocr_line ocrx_word'/>
</head>
<body>
  <div class='ocr_page' id='page_1' title='image "./enchiridiontheol01rand_0299.png"; bbox 0 0 1799 3077; ppageno 0'>
   <div class='ocr_carea' id='block_1_1' title="bbox 493 132 1549 178">
    <p class='ocr_par' dir='ltr' id='par_1_1' title="bbox 493 132 1549 178">
     <span class='ocr_line' id='line_1_1' title="bbox 493 132 1549 178; baseline 0.005 -5"><span class='ocrx_word' id='word_1_1' title='bbox 493 132 728 174; x_wconf 88' lang='lat' dir='ltr'>NOELLI</span> <span class='ocrx_word' id='word_1_2' title='bbox 762 132 1226 173; x_wconf 87' lang='lat' dir='ltr'><strong>CATECHISMUS.</strong></span> <span class='ocrx_word' id='word_1_3' title='bbox 1466 138 1549 178; x_wconf 69' lang='lat'>285</span> 
     </span>
    </p>
   </div>
   <div class='ocr_carea' id='block_1_2' title="bbox 94 244 1550 2332">
    <p class='ocr_par' dir='ltr' id='par_1_2' title="bbox 152 244 1550 1044">
     <span class='ocr_line' id='line_1_2' title="bbox 159 244 1550 301; baseline 0.002 -15"><span class='ocrx_word' id='word_1_4' title='bbox 159 246 257 286; x_wconf 80' lang='lat' dir='ltr'>tia-m</span> <span class='ocrx_word' id='word_1_5' title='bbox 290 260 364 301; x_wconf 89' lang='lat' dir='ltr'>per</span> <span class='ocrx_word' id='word_1_6' title='bbox 391 245 460 286; x_wconf 87' lang='lat' dir='ltr'>illa</span> <span class='ocrx_word' id='word_1_7' title='bbox 493 260 574 286; x_wconf 92' lang='lat' dir='ltr'>non</span> <span class='ocrx_word' id='word_1_8' title='bbox 604 259 917 300; x_wconf 80' lang='lat' dir='ltr'>consequamur.</span> <span class='ocrx_word' id='word_1_9' title='bbox 979 246 1086 286; x_wconf 86' lang='lat' dir='ltr'>Nam</span> <span class='ocrx_word' id='word_1_10' title='bbox 1112 254 1153 287; x_wconf 88' lang='lat' dir='ltr'>et</span> <span class='ocrx_word' id='word_1_11' title='bbox 1174 244 1214 285; x_wconf 90' lang='lat' dir='ltr'>in</span> <span class='ocrx_word' id='word_1_12' title='bbox 1235 245 1412 301; x_wconf 80' lang='lat' dir='ltr'>proximi</span> <span class='ocrx_word' id='word_1_13' title='bbox 1442 263 1550 289; x_wconf 88' lang='lat' dir='ltr'>com-</span> 
     </span>
     <span class='ocr_line' id='line_1_3' title="bbox 159 312 1549 370; baseline 0.003 -17"><span class='ocrx_word' id='word_1_14' title='bbox 159 313 347 362; x_wconf 89' lang='lat' dir='ltr'>modum,</span> <span class='ocrx_word' id='word_1_15' title='bbox 370 323 388 341; x_wconf 87' lang='lat' dir='ltr'>z</span> <span class='ocrx_word' id='word_1_16' title='bbox 402 321 442 354; x_wconf 82' lang='lat' dir='ltr'>et</span> <span class='ocrx_word' id='word_1_17' title='bbox 468 313 509 353; x_wconf 89' lang='lat' dir='ltr'>in</span> <span class='ocrx_word' id='word_1_18' title='bbox 532 312 613 354; x_wconf 91' lang='lat' dir='ltr'>Dei</span> <span class='ocrx_word' id='word_1_19' title='bbox 639 312 812 369; x_wconf 80' lang='lat' dir='ltr'>gloriam</span> <span class='ocrx_word' id='word_1_20' title='bbox 835 312 1012 359; x_wconf 84' lang='lat' dir='ltr'>cedunt;</span> <span class='ocrx_word' id='word_1_21' title='bbox 1046 320 1087 353; x_wconf 90' lang='lat' dir='ltr'>et</span> <span class='ocrx_word' id='word_1_22' title='bbox 1107 312 1159 353; x_wconf 92' lang='lat' dir='ltr'>de</span> <span class='ocrx_word' id='word_1_23' title='bbox 1179 312 1333 353; x_wconf 87' lang='lat' dir='ltr'>Divina</span> <span class='ocrx_word' id='word_1_24' title='bbox 1352 329 1449 370; x_wconf 90' lang='lat' dir='ltr'>erga</span> <span class='ocrx_word' id='word_1_25' title='bbox 1476 331 1549 357; x_wconf 88' lang='lat' dir='ltr'>nos</span> 
     </span>
     <span class='ocr_line' id='line_1_4' title="bbox 157 380 1547 437; baseline 0.001 -16"><span class='ocrx_word' id='word_1_26' title='bbox 157 380 456 430; x_wconf 78' lang='lat' dir='ltr'>benevolentia,</span> <span class='ocrx_word' id='word_1_27' title='bbox 478 389 701 437; x_wconf 89' lang='lat' dir='ltr'>nostraque</span> <span class='ocrx_word' id='word_1_28' title='bbox 724 380 897 421; x_wconf 88' lang='lat' dir='ltr'>vicissim</span> <span class='ocrx_word' id='word_1_29' title='bbox 928 380 968 420; x_wconf 88' lang='lat' dir='ltr'>in</span> <span class='ocrx_word' id='word_1_30' title='bbox 1000 381 1140 421; x_wconf 91' lang='lat' dir='ltr'>Deum</span> <span class='ocrx_word' id='word_1_31' title='bbox 1167 380 1364 421; x_wconf 86' lang='lat' dir='ltr'>charitate</span> <span class='ocrx_word' id='word_1_32' title='bbox 1391 390 1432 422; x_wconf 88' lang='lat' dir='ltr'>et</span> <span class='ocrx_word' id='word_1_33' title='bbox 1451 383 1547 433; x_wconf 83' lang='lat' dir='ltr'>fide,</span> 
     </span>
     <span class='ocr_line' id='line_1_5' title="bbox 157 448 1549 504; baseline 0 -14"><span class='ocrx_word' id='word_1_34' title='bbox 157 458 283 504; x_wconf 89' lang='lat' dir='ltr'>atque</span> <span class='ocrx_word' id='word_1_35' title='bbox 303 449 360 489; x_wconf 89' lang='lat' dir='ltr'>ita</span> <span class='ocrx_word' id='word_1_36' title='bbox 381 449 430 489; x_wconf 92' lang='lat' dir='ltr'>de</span> <span class='ocrx_word' id='word_1_37' title='bbox 451 448 582 489; x_wconf 91' lang='lat' dir='ltr'>salute</span> <span class='ocrx_word' id='word_1_38' title='bbox 611 464 685 489; x_wconf 88' lang='lat' dir='ltr'>nos</span> <span class='ocrx_word' id='word_1_39' title='bbox 714 458 867 499; x_wconf 86' lang='lat' dir='ltr'>nostra,</span> <span class='ocrx_word' id='word_1_40' title='bbox 890 448 1007 504; x_wconf 85' lang='lat' dir='ltr'>quasi</span> <span class='ocrx_word' id='word_1_41' title='bbox 1040 448 1281 489; x_wconf 84' lang='lat' dir='ltr'>testimoniis</span> <span class='ocrx_word' id='word_1_42' title='bbox 1301 449 1549 504; x_wconf 86' lang='lat' dir='ltr'>quibusdam</span> 
     </span>
     <span class='ocr_line' id='line_1_6' title="bbox 155 515 1549 572; baseline -0.001 -16"><span class='ocrx_word' id='word_1_43' title='bbox 155 515 377 556; x_wconf 84' lang='lat' dir='ltr'>acertiores</span> <span class='ocrx_word' id='word_1_44' title='bbox 396 515 567 556; x_wconf 87' lang='lat' dir='ltr'>faciunt.</span> <span class='ocrx_word' id='word_1_45' title='bbox 629 518 689 557; x_wconf 82' lang='lat' dir='ltr'>Et</span> <span class='ocrx_word' id='word_1_46' title='bbox 716 531 885 572; x_wconf 85' lang='lat' dir='ltr'>aequum</span> <span class='ocrx_word' id='word_1_47' title='bbox 913 516 1080 557; x_wconf 91' lang='lat' dir='ltr'>omnino</span> <span class='ocrx_word' id='word_1_48' title='bbox 1110 524 1185 566; x_wconf 89' lang='lat' dir='ltr'>est,</span> <span class='ocrx_word' id='word_1_49' title='bbox 1208 525 1256 557; x_wconf 86' lang='lat' dir='ltr'>ut</span> <span class='ocrx_word' id='word_1_50' title='bbox 1278 515 1431 556; x_wconf 85' lang='lat' dir='ltr'>Christi</span> <span class='ocrx_word' id='word_1_51' title='bbox 1454 516 1549 556; x_wconf 87' lang='lat' dir='ltr'>Filii</span> 
     </span>
     <span class='ocr_line' id='line_1_7' title="bbox 157 583 1550 640; baseline 0.001 -17"><span class='ocrx_word' id='word_1_52' title='bbox 157 583 239 624; x_wconf 85' lang='lat' dir='ltr'>Dei</span> <span class='ocrx_word' id='word_1_53' title='bbox 261 583 460 639; x_wconf 89' lang='lat' dir='ltr'>sanguine</span> <span class='ocrx_word' id='word_1_54' title='bbox 478 584 695 640; x_wconf 86' lang='lat' dir='ltr'>redempti,</span> <span class='ocrx_word' id='word_1_55' title='bbox 714 593 755 625; x_wconf 88' lang='lat' dir='ltr'>et</span> <span class='ocrx_word' id='word_1_56' title='bbox 775 584 1000 625; x_wconf 85' lang='lat' dir='ltr'>innumeris</span> <span class='ocrx_word' id='word_1_57' title='bbox 1020 593 1220 640; x_wconf 82' lang='lat' dir='ltr'>praeterea</span> <span class='ocrx_word' id='word_1_58' title='bbox 1234 593 1359 640; x_wconf 86' lang='lat' dir='ltr'>atque</span> <span class='ocrx_word' id='word_1_59' title='bbox 1379 583 1550 624; x_wconf 88' lang='lat' dir='ltr'>immen-</span> 
     </span>
     <span class='ocr_line' id='line_1_8' title="bbox 155 649 1549 708; baseline 0.001 -18"><span class='ocrx_word' id='word_1_60' title='bbox 155 649 208 691; x_wconf 83' lang='lat' dir='ltr'>sis</span> <span class='ocrx_word' id='word_1_61' title='bbox 239 650 402 691; x_wconf 87' lang='lat' dir='ltr'>Divinis</span> <span class='ocrx_word' id='word_1_62' title='bbox 432 650 638 692; x_wconf 90' lang='lat' dir='ltr'>beneficiis</span> <span class='ocrx_word' id='word_1_63' title='bbox 667 651 817 702; x_wconf 84' lang='lat' dir='ltr'>affecti,</span> <span class='ocrx_word' id='word_1_64' title='bbox 840 651 893 692; x_wconf 90' lang='lat' dir='ltr'>ad</span> <span class='ocrx_word' id='word_1_65' title='bbox 928 651 1197 708; x_wconf 87' lang='lat' dir='ltr'>redemptoris</span> <span class='ocrx_word' id='word_1_66' title='bbox 1217 650 1466 692; x_wconf 84' lang='lat' dir='ltr'>barbitrium</span> <span class='ocrx_word' id='word_1_67' title='bbox 1489 659 1549 692; x_wconf 89' lang='lat' dir='ltr'>at-</span> 
     </span>
     <span class='ocr_line' id='line_1_9' title="bbox 155 718 1547 774; baseline 0.001 -16"><span class='ocrx_word' id='word_1_68' title='bbox 155 734 237 774; x_wconf 91' lang='lat' dir='ltr'>que</span> <span class='ocrx_word' id='word_1_69' title='bbox 258 728 409 759; x_wconf 89' lang='lat' dir='ltr'>nutum</span> <span class='ocrx_word' id='word_1_70' title='bbox 433 718 631 769; x_wconf 84' lang='lat' dir='ltr'>viventes,</span> <span class='ocrx_word' id='word_1_71' title='bbox 654 727 695 760; x_wconf 89' lang='lat' dir='ltr'>et</span> <span class='ocrx_word' id='word_1_72' title='bbox 725 734 798 759; x_wconf 90' lang='lat' dir='ltr'>nos</span> <span class='ocrx_word' id='word_1_73' title='bbox 820 727 927 759; x_wconf 85' lang='lat' dir='ltr'>totos</span> <span class='ocrx_word' id='word_1_74' title='bbox 957 719 1325 770; x_wconf 82' lang='lat' dir='ltr'>accommodantes,</span> <span class='ocrx_word' id='word_1_75' title='bbox 1348 734 1547 759; x_wconf 84' lang='lat' dir='ltr'>memores</span> 
     </span>
     <span class='ocr_line' id='line_1_10' title="bbox 154 786 1544 844; baseline 0.001 -18"><span class='ocrx_word' id='word_1_76' title='bbox 154 801 243 835; x_wconf 89' lang='lat' dir='ltr'>nos,</span> <span class='ocrx_word' id='word_1_77' title='bbox 276 794 499 842; x_wconf 84' lang='lat' dir='ltr'>gratosque</span> <span class='ocrx_word' id='word_1_78' title='bbox 529 801 626 842; x_wconf 87' lang='lat' dir='ltr'>erga</span> <span class='ocrx_word' id='word_1_79' title='bbox 657 786 800 827; x_wconf 87' lang='lat' dir='ltr'>salutis</span> <span class='ocrx_word' id='word_1_80' title='bbox 831 796 982 827; x_wconf 81' lang='lat' dir='ltr'>nostrae</span> <span class='ocrx_word' id='word_1_81' title='bbox 1015 787 1232 828; x_wconf 87' lang='lat' dir='ltr'>authorem</span> <span class='ocrx_word' id='word_1_82' title='bbox 1272 787 1544 844; x_wconf 76' lang='lat' dir='ltr'>praebeamUS,</span> 
     </span>
     <span class='ocr_line' id='line_1_11' title="bbox 152 852 1545 910; baseline 0 -15"><span class='ocrx_word' id='word_1_83' title='bbox 152 854 335 909; x_wconf 89' lang='lat' dir='ltr'>aliosque</span> <span class='ocrx_word' id='word_1_84' title='bbox 365 852 424 893; x_wconf 90' lang='lat' dir='ltr'>illi</span> <span class='ocrx_word' id='word_1_85' title='bbox 451 853 671 909; x_wconf 81' lang='lat' dir='ltr'>cexemplo</span> <span class='ocrx_word' id='word_1_86' title='bbox 702 863 842 895; x_wconf 89' lang='lat' dir='ltr'>nostro</span> <span class='ocrx_word' id='word_1_87' title='bbox 873 854 1134 909; x_wconf 88' lang='lat' dir='ltr'>acquiramus</span> <span class='ocrx_word' id='word_1_88' title='bbox 1164 864 1289 910; x_wconf 85' lang='lat' dir='ltr'>atque</span> <span class='ocrx_word' id='word_1_89' title='bbox 1318 855 1545 896; x_wconf 84' lang='lat' dir='ltr'>lucrifacia-</span> 
     </span>
     <span class='ocr_line' id='line_1_12' title="bbox 153 921 1545 978; baseline 0.001 -16"><span class='ocrx_word' id='word_1_90' title='bbox 153 936 261 962; x_wconf 90' lang='lat' dir='ltr'>mus.</span> <span class='ocrx_word' id='word_1_91' title='bbox 322 921 410 961; x_wconf 86' lang='lat' dir='ltr'>Ista</span> <span class='ocrx_word' id='word_1_92' title='bbox 438 921 668 977; x_wconf 85' lang='lat' dir='ltr'>recogitans</span> <span class='ocrx_word' id='word_1_93' title='bbox 695 921 857 977; x_wconf 88' lang='lat' dir='ltr'>aliquis,</span> <span class='ocrx_word' id='word_1_94' title='bbox 879 921 957 978; x_wconf 90' lang='lat' dir='ltr'>piis</span> <span class='ocrx_word' id='word_1_95' title='bbox 979 922 1061 963; x_wconf 86' lang='lat' dir='ltr'>suis</span> <span class='ocrx_word' id='word_1_96' title='bbox 1092 922 1238 963; x_wconf 84' lang='lat' dir='ltr'>studiis</span> <span class='ocrx_word' id='word_1_97' title='bbox 1267 922 1545 978; x_wconf 88' lang='lat' dir='ltr'>operibusque</span> 
     </span>
     <span class='ocr_line' id='line_1_13' title="bbox 153 987 570 1044; baseline 0.005 -16"><span class='ocrx_word' id='word_1_98' title='bbox 153 987 249 1029; x_wconf 87' lang='lat' dir='ltr'>satis</span> <span class='ocrx_word' id='word_1_99' title='bbox 270 988 399 1029; x_wconf 87' lang='lat' dir='ltr'>laetari</span> <span class='ocrx_word' id='word_1_100' title='bbox 421 997 570 1044; x_wconf 85' lang='lat' dir='ltr'>potest.</span> 
     </span>
    </p>

    <p class='ocr_par' dir='ltr' id='par_1_3' title="bbox 94 1056 1543 1249">
     <span class='ocr_line' id='line_1_14' title="bbox 211 1056 1543 1113; baseline 0.002 -16"><span class='ocrx_word' id='word_1_101' title='bbox 211 1058 277 1098; x_wconf 92' lang='lat' dir='ltr'>M.</span> <span class='ocrx_word' id='word_1_102' title='bbox 307 1058 371 1097; x_wconf 91' lang='lat' dir='ltr'>At</span> <span class='ocrx_word' id='word_1_103' title='bbox 389 1057 568 1113; x_wconf 83' lang='lat' dir='ltr'>praemiis</span> <span class='ocrx_word' id='word_1_104' title='bbox 588 1065 723 1097; x_wconf 90' lang='lat' dir='ltr'>tamen</span> <span class='ocrx_word' id='word_1_105' title='bbox 747 1065 836 1098; x_wconf 90' lang='lat' dir='ltr'>tum</span> <span class='ocrx_word' id='word_1_106' title='bbox 857 1056 897 1097; x_wconf 92' lang='lat' dir='ltr'>in</span> <span class='ocrx_word' id='word_1_107' title='bbox 920 1056 997 1098; x_wconf 90' lang='lat' dir='ltr'>hac</span> <span class='ocrx_word' id='word_1_108' title='bbox 1017 1056 1116 1107; x_wconf 85' lang='lat' dir='ltr'>vita,</span> <span class='ocrx_word' id='word_1_109' title='bbox 1135 1066 1223 1098; x_wconf 86' lang='lat' dir='ltr'>tum</span> <span class='ocrx_word' id='word_1_110' title='bbox 1245 1057 1287 1097; x_wconf 91' lang='lat' dir='ltr'>in</span> <span class='ocrx_word' id='word_1_111' title='bbox 1306 1056 1450 1098; x_wconf 88' lang='lat' dir='ltr'>futura</span> <span class='ocrx_word' id='word_1_112' title='bbox 1469 1073 1543 1099; x_wconf 88' lang='lat' dir='ltr'>nos</span> 
     </span>
     <span class='ocr_line' id='line_1_15' title="bbox 151 1124 1539 1182; baseline 0.001 -17"><span class='ocrx_word' id='word_1_113' title='bbox 151 1124 205 1165; x_wconf 90' lang='lat' dir='ltr'>ad</span> <span class='ocrx_word' id='word_1_114' title='bbox 234 1125 338 1165; x_wconf 90' lang='lat' dir='ltr'>bene</span> <span class='ocrx_word' id='word_1_115' title='bbox 368 1124 576 1181; x_wconf 87' lang='lat' dir='ltr'>agendum</span> <span class='ocrx_word' id='word_1_116' title='bbox 606 1124 754 1166; x_wconf 82' lang='lat' dir='ltr'>invitat</span> <span class='ocrx_word' id='word_1_117' title='bbox 781 1126 914 1176; x_wconf 82' lang='lat' dir='ltr'>Deus,</span> <span class='ocrx_word' id='word_1_118' title='bbox 935 1134 976 1166; x_wconf 86' lang='lat' dir='ltr'>et</span> <span class='ocrx_word' id='word_1_119' title='bbox 1005 1125 1123 1181; x_wconf 85' lang='lat' dir='ltr'>quasi</span> <span class='ocrx_word' id='word_1_120' title='bbox 1152 1125 1339 1167; x_wconf 88' lang='lat' dir='ltr'>mercede</span> <span class='ocrx_word' id='word_1_121' title='bbox 1359 1126 1539 1182; x_wconf 87' lang='lat' dir='ltr'>quadam</span> 
     </span>
     <span class='ocr_line' id='line_1_16' title="bbox 94 1191 1319 1249; baseline -0.002 -15"><span class='ocrx_word' id='word_1_122' title='bbox 94 1191 96 1193; x_wconf 49' lang='grc'><strong><em>’</em></strong></span> <span class='ocrx_word' id='word_1_123' title='bbox 150 1193 363 1234; x_wconf 86' lang='lat' dir='ltr'>nobiscum</span> <span class='ocrx_word' id='word_1_124' title='bbox 383 1193 613 1249; x_wconf 87' lang='lat' dir='ltr'>paciscitur.</span> <span class='ocrx_word' id='word_1_125' title='bbox 1316 1200 1319 1203; x_wconf 75' lang='grc'><em>’</em></span> 
     </span>
    </p>

    <p class='ocr_par' dir='ltr' id='par_1_4' title="bbox 144 1260 1538 2132">
     <span class='ocr_line' id='line_1_17' title="bbox 207 1260 1536 1319; baseline 0.002 -18"><span class='ocrx_word' id='word_1_126' title='bbox 207 1263 262 1302; x_wconf 88' lang='grc' dir='ltr'>Α.</span> <span class='ocrx_word' id='word_1_127' title='bbox 293 1261 313 1289; x_wconf 79' lang='lat' dir='ltr'>d</span> <span class='ocrx_word' id='word_1_128' title='bbox 328 1262 493 1302; x_wconf 88' lang='lat' dir='ltr'>Merces</span> <span class='ocrx_word' id='word_1_129' title='bbox 522 1260 591 1301; x_wconf 86' lang='lat' dir='ltr'>illa</span> <span class='ocrx_word' id='word_1_130' title='bbox 619 1276 700 1302; x_wconf 91' lang='lat' dir='ltr'>non</span> <span class='ocrx_word' id='word_1_131' title='bbox 731 1277 807 1318; x_wconf 89' lang='lat' dir='ltr'>pro</span> <span class='ocrx_word' id='word_1_132' title='bbox 828 1261 1042 1318; x_wconf 86' lang='lat' dir='ltr'>dignitate,</span> <span class='ocrx_word' id='word_1_133' title='bbox 1064 1271 1112 1304; x_wconf 88' lang='lat' dir='ltr'>ut</span> <span class='ocrx_word' id='word_1_134' title='bbox 1132 1262 1234 1313; x_wconf 82' lang='lat' dir='ltr'>dixi,</span> <span class='ocrx_word' id='word_1_135' title='bbox 1255 1262 1448 1319; x_wconf 90' lang='lat' dir='ltr'>operibus</span> <span class='ocrx_word' id='word_1_136' title='bbox 1470 1263 1536 1304; x_wconf 89' lang='lat' dir='ltr'>tri-</span> 
     </span>
     <span class='ocr_line' id='line_1_18' title="bbox 148 1328 1538 1385; baseline 0.001 -16"><span class='ocrx_word' id='word_1_137' title='bbox 148 1328 306 1378; x_wconf 89' lang='lat' dir='ltr'>buitur,</span> <span class='ocrx_word' id='word_1_138' title='bbox 329 1338 369 1369; x_wconf 89' lang='lat' dir='ltr'>et</span> <span class='ocrx_word' id='word_1_139' title='bbox 389 1328 467 1369; x_wconf 89' lang='lat' dir='ltr'>illis</span> <span class='ocrx_word' id='word_1_140' title='bbox 488 1329 605 1385; x_wconf 86' lang='lat' dir='ltr'>quasi</span> <span class='ocrx_word' id='word_1_141' title='bbox 626 1328 759 1385; x_wconf 85' lang='lat' dir='ltr'>gratia</span> <span class='ocrx_word' id='word_1_142' title='bbox 789 1345 866 1385; x_wconf 91' lang='lat' dir='ltr'>pro</span> <span class='ocrx_word' id='word_1_143' title='bbox 886 1329 1041 1370; x_wconf 90' lang='lat' dir='ltr'>meritis</span> <span class='ocrx_word' id='word_1_144' title='bbox 1060 1330 1251 1381; x_wconf 89' lang='lat' dir='ltr'>refertur,</span> <span class='ocrx_word' id='word_1_145' title='bbox 1276 1330 1345 1370; x_wconf 90' lang='lat' dir='ltr'>sed</span> <span class='ocrx_word' id='word_1_146' title='bbox 1367 1330 1448 1371; x_wconf 91' lang='lat' dir='ltr'>Dei</span> <span class='ocrx_word' id='word_1_147' title='bbox 1469 1331 1538 1372; x_wconf 87' lang='lat' dir='ltr'>be—</span> 
     </span>
     <span class='ocr_line' id='line_1_19' title="bbox 147 1396 1537 1453; baseline 0.001 -16"><span class='ocrx_word' id='word_1_148' title='bbox 147 1396 347 1452; x_wconf 83' lang='lat' dir='ltr'>nignitate</span> <span class='ocrx_word' id='word_1_149' title='bbox 376 1397 504 1453; x_wconf 88' lang='lat' dir='ltr'>gratis</span> <span class='ocrx_word' id='word_1_150' title='bbox 534 1408 685 1453; x_wconf 83' lang='lat' dir='ltr'>praeter</span> <span class='ocrx_word' id='word_1_151' title='bbox 714 1398 922 1449; x_wconf 89' lang='lat' dir='ltr'>meritum,</span> <span class='ocrx_word' id='word_1_152' title='bbox 945 1398 987 1438; x_wconf 89' lang='lat' dir='ltr'>in</span> <span class='ocrx_word' id='word_1_153' title='bbox 1017 1414 1091 1439; x_wconf 93' lang='lat' dir='ltr'>nos</span> <span class='ocrx_word' id='word_1_154' title='bbox 1123 1399 1343 1439; x_wconf 86' lang='lat' dir='ltr'>confertur.</span> <span class='ocrx_word' id='word_1_155' title='bbox 1404 1400 1434 1439; x_wconf 84' lang='lat' dir='ltr'><strong>J</strong></span> <span class='ocrx_word' id='word_1_156' title='bbox 1439 1400 1537 1440; x_wconf 85' lang='lat' dir='ltr'>usti-</span> 
     </span>
     <span class='ocr_line' id='line_1_20' title="bbox 147 1464 1535 1521; baseline 0.001 -16"><span class='ocrx_word' id='word_1_157' title='bbox 147 1464 245 1505; x_wconf 85' lang='lat' dir='ltr'>tiam</span> <span class='ocrx_word' id='word_1_158' title='bbox 273 1481 369 1506; x_wconf 89' lang='lat' dir='ltr'>vero</span> <span class='ocrx_word' id='word_1_159' title='bbox 390 1466 508 1506; x_wconf 87' lang='lat' dir='ltr'>Deus</span> <span class='ocrx_word' id='word_1_160' title='bbox 527 1465 645 1506; x_wconf 91' lang='lat' dir='ltr'>nobis</span> <span class='ocrx_word' id='word_1_161' title='bbox 674 1481 749 1521; x_wconf 88' lang='lat' dir='ltr'>pro</span> <span class='ocrx_word' id='word_1_162' title='bbox 781 1482 855 1506; x_wconf 91' lang='lat' dir='ltr'>sua</span> <span class='ocrx_word' id='word_1_163' title='bbox 884 1466 924 1506; x_wconf 91' lang='lat' dir='ltr'>in</span> <span class='ocrx_word' id='word_1_164' title='bbox 956 1481 1030 1507; x_wconf 91' lang='lat' dir='ltr'>nos</span> <span class='ocrx_word' id='word_1_165' title='bbox 1060 1466 1272 1517; x_wconf 86' lang='lat' dir='ltr'>charitate,</span> <span class='ocrx_word' id='word_1_166' title='bbox 1294 1475 1333 1508; x_wconf 86' lang='lat' dir='ltr'>et</span> <span class='ocrx_word' id='word_1_167' title='bbox 1362 1466 1535 1508; x_wconf 87' lang='lat' dir='ltr'>liberali-</span> 
     </span>
     <span class='ocr_line' id='line_1_21' title="bbox 148 1532 1534 1591; baseline 0.002 -18"><span class='ocrx_word' id='word_1_168' title='bbox 148 1542 230 1573; x_wconf 85' lang='lat' dir='ltr'>tate</span> <span class='ocrx_word' id='word_1_169' title='bbox 250 1549 324 1589; x_wconf 91' lang='lat' dir='ltr'>per</span> <span class='ocrx_word' id='word_1_170' title='bbox 345 1542 361 1561; x_wconf 84' lang='lat' dir='ltr'>e</span> <span class='ocrx_word' id='word_1_171' title='bbox 377 1532 590 1574; x_wconf 89' lang='lat' dir='ltr'>Christum</span> <span class='ocrx_word' id='word_1_172' title='bbox 612 1533 721 1574; x_wconf 90' lang='lat' dir='ltr'>dono</span> <span class='ocrx_word' id='word_1_173' title='bbox 743 1534 827 1575; x_wconf 93' lang='lat' dir='ltr'>dat.</span> <span class='ocrx_word' id='word_1_174' title='bbox 888 1533 968 1575; x_wconf 91' lang='lat' dir='ltr'>Dei</span> <span class='ocrx_word' id='word_1_175' title='bbox 989 1534 1146 1575; x_wconf 91' lang='lat' dir='ltr'>donum</span> <span class='ocrx_word' id='word_1_176' title='bbox 1166 1534 1534 1591; x_wconf 84' lang='lat' dir='ltr'>liberalitatemque</span> 
     </span>
     <span class='ocr_line' id='line_1_22' title="bbox 146 1601 1534 1657; baseline 0.001 -16"><span class='ocrx_word' id='word_1_177' title='bbox 146 1617 277 1657; x_wconf 89' lang='lat' dir='ltr'>quum</span> <span class='ocrx_word' id='word_1_178' title='bbox 299 1601 406 1650; x_wconf 79' lang='lat' dir='ltr'>dieo,</span> <span class='ocrx_word' id='word_1_179' title='bbox 430 1601 443 1629; x_wconf 83' lang='lat' dir='ltr'>s</span> <span class='ocrx_word' id='word_1_180' title='bbox 452 1601 692 1657; x_wconf 86' lang='lat' dir='ltr'>gratuitam,</span> <span class='ocrx_word' id='word_1_181' title='bbox 715 1612 756 1643; x_wconf 92' lang='lat' dir='ltr'>et</span> <span class='ocrx_word' id='word_1_182' title='bbox 786 1602 871 1642; x_wconf 91' lang='lat' dir='ltr'>sine</span> <span class='ocrx_word' id='word_1_183' title='bbox 898 1602 1099 1653; x_wconf 87' lang='lat' dir='ltr'>mercede,</span> <span class='ocrx_word' id='word_1_184' title='bbox 1121 1613 1194 1643; x_wconf 91' lang='lat' dir='ltr'>aut</span> <span class='ocrx_word' id='word_1_185' title='bbox 1223 1603 1369 1644; x_wconf 92' lang='lat' dir='ltr'>merito</span> <span class='ocrx_word' id='word_1_186' title='bbox 1395 1613 1534 1644; x_wconf 86' lang='lat' dir='ltr'>nostro</span> 
     </span>
     <span class='ocr_line' id='line_1_23' title="bbox 146 1669 1532 1726; baseline 0.001 -17"><span class='ocrx_word' id='word_1_187' title='bbox 146 1669 368 1725; x_wconf 87' lang='lat' dir='ltr'>benignam</span> <span class='ocrx_word' id='word_1_188' title='bbox 399 1669 609 1726; x_wconf 82' lang='lat' dir='ltr'>intelligo;</span> <span class='ocrx_word' id='word_1_189' title='bbox 645 1679 692 1711; x_wconf 87' lang='lat' dir='ltr'>ut</span> <span class='ocrx_word' id='word_1_190' title='bbox 722 1669 773 1711; x_wconf 87' lang='lat' dir='ltr'>sit</span> <span class='ocrx_word' id='word_1_191' title='bbox 792 1685 905 1711; x_wconf 90' lang='lat' dir='ltr'>mera</span> <span class='ocrx_word' id='word_1_192' title='bbox 925 1685 1177 1726; x_wconf 83' lang='lat' dir='ltr'>synceraque</span> <span class='ocrx_word' id='word_1_193' title='bbox 1197 1670 1279 1711; x_wconf 92' lang='lat' dir='ltr'>Dei</span> <span class='ocrx_word' id='word_1_194' title='bbox 1298 1670 1532 1722; x_wconf 88' lang='lat' dir='ltr'>liberalitas,</span> 
     </span>
     <span class='ocr_line' id='line_1_24' title="bbox 146 1737 1529 1794; baseline 0.002 -18"><span class='ocrx_word' id='word_1_195' title='bbox 146 1752 271 1792; x_wconf 88' lang='lat' dir='ltr'>quam</span> <span class='ocrx_word' id='word_1_196' title='bbox 302 1737 354 1776; x_wconf 87' lang='lat' dir='ltr'>ad</span> <span class='ocrx_word' id='word_1_197' title='bbox 386 1745 567 1778; x_wconf 86' lang='lat' dir='ltr'>nostram</span> <span class='ocrx_word' id='word_1_198' title='bbox 597 1738 734 1787; x_wconf 93' lang='lat' dir='ltr'>modo,</span> <span class='ocrx_word' id='word_1_199' title='bbox 767 1753 871 1793; x_wconf 92' lang='lat' dir='ltr'>quos</span> <span class='ocrx_word' id='word_1_200' title='bbox 901 1737 1049 1794; x_wconf 88' lang='lat' dir='ltr'>diligit,</span> <span class='ocrx_word' id='word_1_201' title='bbox 1076 1738 1232 1794; x_wconf 92' lang='lat' dir='ltr'>quique</span> <span class='ocrx_word' id='word_1_202' title='bbox 1261 1738 1318 1779; x_wconf 88' lang='lat' dir='ltr'>illi</span> <span class='ocrx_word' id='word_1_203' title='bbox 1349 1738 1529 1789; x_wconf 84' lang='lat' dir='ltr'>fidimus,</span> 
     </span>
     <span class='ocr_line' id='line_1_25' title="bbox 146 1804 1532 1862; baseline 0.002 -18"><span class='ocrx_word' id='word_1_204' title='bbox 146 1804 318 1845; x_wconf 87' lang='lat' dir='ltr'>salutem</span> <span class='ocrx_word' id='word_1_205' title='bbox 351 1805 515 1855; x_wconf 84' lang='lat' dir='ltr'>referat,</span> <span class='ocrx_word' id='word_1_206' title='bbox 537 1820 618 1846; x_wconf 93' lang='lat' dir='ltr'>non</span> <span class='ocrx_word' id='word_1_207' title='bbox 648 1806 866 1856; x_wconf 83' lang='lat' dir='ltr'>conducta,</span> <span class='ocrx_word' id='word_1_208' title='bbox 897 1814 970 1847; x_wconf 88' lang='lat' dir='ltr'>aut</span> <span class='ocrx_word' id='word_1_209' title='bbox 1000 1806 1260 1857; x_wconf 82' lang='lat' dir='ltr'>mercenaria,</span> <span class='ocrx_word' id='word_1_210' title='bbox 1281 1807 1397 1862; x_wconf 87' lang='lat' dir='ltr'>quasi</span> <span class='ocrx_word' id='word_1_211' title='bbox 1418 1822 1532 1862; x_wconf 83' lang='lat' dir='ltr'>quae-</span> 
     </span>
     <span class='ocr_line' id='line_1_26' title="bbox 145 1871 1529 1930; baseline 0.002 -18"><span class='ocrx_word' id='word_1_212' title='bbox 145 1871 240 1912; x_wconf 88' lang='lat' dir='ltr'>dam</span> <span class='ocrx_word' id='word_1_213' title='bbox 269 1872 578 1913; x_wconf 88' lang='lat' dir='ltr'>commodorum</span> <span class='ocrx_word' id='word_1_214' title='bbox 601 1872 910 1928; x_wconf 87' lang='lat' dir='ltr'>utilitatumque</span> <span class='ocrx_word' id='word_1_215' title='bbox 940 1888 1107 1914; x_wconf 88' lang='lat' dir='ltr'>suarum</span> <span class='ocrx_word' id='word_1_216' title='bbox 1138 1883 1381 1923; x_wconf 88' lang='lat' dir='ltr'>mercatura,</span> <span class='ocrx_word' id='word_1_217' title='bbox 1403 1889 1529 1930; x_wconf 86' lang='lat' dir='ltr'>quam</span> 
     </span>
     <span class='ocr_line' id='line_1_27' title="bbox 144 1940 1530 1997; baseline 0.001 -16"><span class='ocrx_word' id='word_1_218' title='bbox 144 1940 197 1981; x_wconf 88' lang='lat' dir='ltr'>ad</span> <span class='ocrx_word' id='word_1_219' title='bbox 225 1941 407 1982; x_wconf 87' lang='lat' dir='ltr'>fructum</span> <span class='ocrx_word' id='word_1_220' title='bbox 438 1940 617 1996; x_wconf 86' lang='lat' dir='ltr'>aliquem</span> <span class='ocrx_word' id='word_1_221' title='bbox 651 1956 773 1981; x_wconf 91' lang='lat' dir='ltr'>suum</span> <span class='ocrx_word' id='word_1_222' title='bbox 804 1950 1004 1991; x_wconf 83' lang='lat' dir='ltr'>exerceat,</span> <span class='ocrx_word' id='word_1_223' title='bbox 1027 1941 1195 1997; x_wconf 90' lang='lat' dir='ltr'>aliquod</span> <span class='ocrx_word' id='word_1_224' title='bbox 1220 1941 1394 1982; x_wconf 88' lang='lat' dir='ltr'>vicissim</span> <span class='ocrx_word' id='word_1_225' title='bbox 1424 1957 1530 1997; x_wconf 86' lang='lat' dir='ltr'>prae-</span> 
     </span>
     <span class='ocr_line' id='line_1_28' title="bbox 144 2008 1529 2065; baseline 0.001 -16"><span class='ocrx_word' id='word_1_226' title='bbox 144 2009 288 2059; x_wconf 88' lang='lat' dir='ltr'>mium,</span> <span class='ocrx_word' id='word_1_227' title='bbox 309 2018 383 2050; x_wconf 85' lang='lat' dir='ltr'>aut</span> <span class='ocrx_word' id='word_1_228' title='bbox 412 2008 590 2065; x_wconf 89' lang='lat' dir='ltr'>pretium</span> <span class='ocrx_word' id='word_1_229' title='bbox 611 2024 635 2049; x_wconf 91' lang='lat' dir='ltr'>a</span> <span class='ocrx_word' id='word_1_230' title='bbox 664 2008 781 2050; x_wconf 89' lang='lat' dir='ltr'>nobis</span> <span class='ocrx_word' id='word_1_231' title='bbox 810 2018 1022 2064; x_wconf 81' lang='lat' dir='ltr'>repetens;</span> <span class='ocrx_word' id='word_1_232' title='bbox 1055 2024 1139 2064; x_wconf 89' lang='lat' dir='ltr'>qua</span> <span class='ocrx_word' id='word_1_233' title='bbox 1169 2008 1253 2049; x_wconf 89' lang='lat' dir='ltr'>sola</span> <span class='ocrx_word' id='word_1_234' title='bbox 1284 2009 1347 2050; x_wconf 91' lang='lat' dir='ltr'>vel</span> <span class='ocrx_word' id='word_1_235' title='bbox 1376 2009 1529 2065; x_wconf 85' lang='lat' dir='ltr'>cogita-</span> 
     </span>
     <span class='ocr_line' id='line_1_29' title="bbox 145 2076 1323 2132; baseline 0 -15"><span class='ocrx_word' id='word_1_236' title='bbox 145 2076 253 2117; x_wconf 90' lang='lat' dir='ltr'>tione</span> <span class='ocrx_word' id='word_1_237' title='bbox 275 2076 354 2117; x_wconf 84' lang='lat' dir='ltr'>Dei</span> <span class='ocrx_word' id='word_1_238' title='bbox 374 2076 619 2132; x_wconf 87' lang='lat' dir='ltr'>benignitas,</span> <span class='ocrx_word' id='word_1_239' title='bbox 643 2076 763 2117; x_wconf 90' lang='lat' dir='ltr'>simul</span> <span class='ocrx_word' id='word_1_240' title='bbox 785 2085 825 2117; x_wconf 88' lang='lat' dir='ltr'>et</span> <span class='ocrx_word' id='word_1_241' title='bbox 847 2076 1037 2132; x_wconf 81' lang='lat' dir='ltr'>majestas</span> <span class='ocrx_word' id='word_1_242' title='bbox 1058 2076 1323 2118; x_wconf 75' lang='lat' dir='ltr'>nilnueretur.</span> 
     </span>
    </p>

    <p class='ocr_par' dir='ltr' id='par_1_5' title="bbox 143 2143 1526 2332">
     <span class='ocr_line' id='line_1_30' title="bbox 203 2143 1526 2200; baseline 0 -16"><span class='ocrx_word' id='word_1_243' title='bbox 203 2144 265 2184; x_wconf 90' lang='lat' dir='ltr'>M.</span> <span class='ocrx_word' id='word_1_244' title='bbox 298 2145 439 2194; x_wconf 79' lang='lat' dir='ltr'>Quum</span> <span class='ocrx_word' id='word_1_245' title='bbox 466 2159 565 2199; x_wconf 88' lang='lat' dir='ltr'>ergo</span> <span class='ocrx_word' id='word_1_246' title='bbox 586 2145 716 2195; x_wconf 88' lang='lat' dir='ltr'>Deus,</span> <span class='ocrx_word' id='word_1_247' title='bbox 739 2152 779 2185; x_wconf 91' lang='lat' dir='ltr'>et</span> <span class='ocrx_word' id='word_1_248' title='bbox 794 2143 999 2200; x_wconf 85' lang='lat' dir='ltr'>justitiam</span> <span class='ocrx_word' id='word_1_249' title='bbox 1029 2144 1146 2184; x_wconf 88' lang='lat' dir='ltr'>nobis</span> <span class='ocrx_word' id='word_1_250' title='bbox 1178 2159 1251 2200; x_wconf 91' lang='lat' dir='ltr'>per</span> <span class='ocrx_word' id='word_1_251' title='bbox 1278 2144 1426 2185; x_wconf 90' lang='lat' dir='ltr'>Fidem</span> <span class='ocrx_word' id='word_1_252' title='bbox 1456 2145 1526 2186; x_wconf 86' lang='lat' dir='ltr'>tri-</span> 
     </span>
     <span class='ocr_line' id='line_1_31' title="bbox 143 2211 1521 2268; baseline 0.001 -16"><span class='ocrx_word' id='word_1_253' title='bbox 143 2212 258 2262; x_wconf 86' lang='lat' dir='ltr'>buat,</span> <span class='ocrx_word' id='word_1_254' title='bbox 281 2220 322 2252; x_wconf 89' lang='lat' dir='ltr'>et</span> <span class='ocrx_word' id='word_1_255' title='bbox 341 2227 466 2268; x_wconf 90' lang='lat' dir='ltr'>opera</span> <span class='ocrx_word' id='word_1_256' title='bbox 485 2221 624 2253; x_wconf 91' lang='lat' dir='ltr'>nostra</span> <span class='ocrx_word' id='word_1_257' title='bbox 643 2227 716 2268; x_wconf 92' lang='lat' dir='ltr'>per</span> <span class='ocrx_word' id='word_1_258' title='bbox 737 2211 907 2252; x_wconf 90' lang='lat' dir='ltr'>eandem</span> <span class='ocrx_word' id='word_1_259' title='bbox 928 2221 1047 2268; x_wconf 86' lang='lat' dir='ltr'>grata</span> <span class='ocrx_word' id='word_1_260' title='bbox 1070 2221 1319 2267; x_wconf 87' lang='lat' dir='ltr'>acceptaque</span> <span class='ocrx_word' id='word_1_261' title='bbox 1348 2212 1521 2260; x_wconf 77' lang='lat' dir='ltr'>habeat3</span> 
     </span>
     <span class='ocr_line' id='line_1_32' title="bbox 143 2279 1524 2332; baseline 0.001 -12"><span class='ocrx_word' id='word_1_262' title='bbox 143 2280 209 2321; x_wconf 91' lang='lat' dir='ltr'>dic</span> <span class='ocrx_word' id='word_1_263' title='bbox 230 2280 345 2331; x_wconf 85' lang='lat' dir='ltr'>mihi,</span> <span class='ocrx_word' id='word_1_264' title='bbox 369 2280 515 2321; x_wconf 90' lang='lat' dir='ltr'>Fidem</span> <span class='ocrx_word' id='word_1_265' title='bbox 537 2281 657 2332; x_wconf 86' lang='lat' dir='ltr'>hanc,</span> <span class='ocrx_word' id='word_1_266' title='bbox 678 2290 890 2322; x_wconf 85' lang='lat' dir='ltr'>naturaene</span> <span class='ocrx_word' id='word_1_267' title='bbox 910 2280 1064 2331; x_wconf 87' lang='lat' dir='ltr'>dotem,</span> <span class='ocrx_word' id='word_1_268' title='bbox 1086 2295 1139 2321; x_wconf 87' lang='lat' dir='ltr'>an</span> <span class='ocrx_word' id='word_1_269' title='bbox 1162 2279 1244 2321; x_wconf 85' lang='lat' dir='ltr'>Dei</span> <span class='ocrx_word' id='word_1_270' title='bbox 1265 2281 1418 2322; x_wconf 91' lang='lat' dir='ltr'>donum</span> <span class='ocrx_word' id='word_1_271' title='bbox 1439 2296 1524 2322; x_wconf 87' lang='lat' dir='ltr'>esse</span> 
     </span>
    </p>
   </div>
   <div class='ocr_carea' id='block_1_3' title="bbox 142 2351 1524 2471">
    <p class='ocr_par' dir='ltr' id='par_1_6' title="bbox 142 2351 1524 2471">
     <span class='ocr_line' id='line_1_33' title="bbox 142 2351 296 2403; baseline 0.013 -16"><span class='ocrx_word' id='word_1_272' title='bbox 142 2351 296 2403; x_wconf 80' lang='lat' dir='ltr'>putas?</span> 
     </span>
     <span class='ocr_line' id='line_1_34' title="bbox 199 2414 1524 2471; baseline 0 -15"><span class='ocrx_word' id='word_1_273' title='bbox 199 2417 255 2456; x_wconf 88' lang='lat' dir='ltr'>A.</span> <span class='ocrx_word' id='word_1_274' title='bbox 289 2417 457 2457; x_wconf 91' lang='lat' dir='ltr'>Donum</span> <span class='ocrx_word' id='word_1_275' title='bbox 488 2416 739 2467; x_wconf 75' lang='lat' dir='ltr'>gDivinum,</span> <span class='ocrx_word' id='word_1_276' title='bbox 769 2423 809 2457; x_wconf 87' lang='lat' dir='ltr'>et</span> <span class='ocrx_word' id='word_1_277' title='bbox 841 2416 1009 2471; x_wconf 90' lang='lat' dir='ltr'>quidem</span> <span class='ocrx_word' id='word_1_278' title='bbox 1041 2414 1260 2471; x_wconf 87' lang='lat' dir='ltr'>singulare,</span> <span class='ocrx_word' id='word_1_279' title='bbox 1287 2423 1412 2470; x_wconf 87' lang='lat' dir='ltr'>atque</span> <span class='ocrx_word' id='word_1_280' title='bbox 1441 2414 1524 2456; x_wconf 85' lang='lat' dir='ltr'>exi-</span> 
     </span>
    </p>
   </div>
   <div class='ocr_carea' id='block_1_4' title="bbox 141 2508 1524 2656">
    <p class='ocr_par' dir='ltr' id='par_1_7' title="bbox 141 2508 1524 2656">
     <span class='ocr_line' id='line_1_35' title="bbox 186 2508 1524 2548; baseline 0.001 -8"><span class='ocrx_word' id='word_1_281' title='bbox 186 2516 198 2530; x_wconf 67' lang='grc' dir='ltr'><strong>Ζ</strong></span> <span class='ocrx_word' id='word_1_282' title='bbox 215 2511 296 2540; x_wconf 84' lang='lat' dir='ltr'>Mat.</span> <span class='ocrx_word' id='word_1_283' title='bbox 314 2520 342 2540; x_wconf 87' lang='lat' dir='ltr'>v.</span> <span class='ocrx_word' id='word_1_284' title='bbox 361 2509 409 2540; x_wconf 87' lang='lat'>16.</span> <span class='ocrx_word' id='word_1_285' title='bbox 437 2520 449 2540; x_wconf 96' lang='lat'>1</span> <span class='ocrx_word' id='word_1_286' title='bbox 473 2512 537 2541; x_wconf 82' lang='lat' dir='ltr'>Pet.</span> <span class='ocrx_word' id='word_1_287' title='bbox 554 2510 586 2540; x_wconf 86' lang='lat' dir='ltr'>ii.</span> <span class='ocrx_word' id='word_1_288' title='bbox 605 2520 652 2541; x_wconf 87' lang='lat'>12.</span> <span class='ocrx_word' id='word_1_289' title='bbox 805 2516 818 2530; x_wconf 77' lang='lat'>³</span> <span class='ocrx_word' id='word_1_290' title='bbox 839 2511 919 2540; x_wconf 82' lang='lat' dir='ltr'>Mat.</span> <span class='ocrx_word' id='word_1_291' title='bbox 941 2509 997 2540; x_wconf 79' lang='lat' dir='ltr'>xii.</span> <span class='ocrx_word' id='word_1_292' title='bbox 1014 2519 1066 2548; x_wconf 80' lang='lat'>33.</span> <span class='ocrx_word' id='word_1_293' title='bbox 1092 2509 1173 2539; x_wconf 84' lang='lat' dir='ltr'>Phil.</span> <span class='ocrx_word' id='word_1_294' title='bbox 1190 2508 1223 2539; x_wconf 90' lang='lat' dir='ltr'>ii.</span> <span class='ocrx_word' id='word_1_295' title='bbox 1246 2517 1294 2539; x_wconf 88' lang='lat'>12.</span> <span class='ocrx_word' id='word_1_296' title='bbox 1321 2519 1333 2539; x_wconf 88' lang='lat'>1</span> <span class='ocrx_word' id='word_1_297' title='bbox 1350 2509 1416 2540; x_wconf 82' lang='lat' dir='ltr'>Pet.</span> <span class='ocrx_word' id='word_1_298' title='bbox 1433 2510 1454 2541; x_wconf 92' lang='lat' dir='ltr'>i.</span> <span class='ocrx_word' id='word_1_299' title='bbox 1475 2519 1524 2541; x_wconf 92' lang='lat'>10.</span> 
     </span>
     <span class='ocr_line' id='line_1_36' title="bbox 141 2563 1522 2603; baseline 0.001 -10"><span class='ocrx_word' id='word_1_300' title='bbox 141 2563 157 2583; x_wconf 78' lang='lat' dir='ltr'>b</span> <span class='ocrx_word' id='word_1_301' title='bbox 173 2564 267 2594; x_wconf 88' lang='lat' dir='ltr'>Rom.</span> <span class='ocrx_word' id='word_1_302' title='bbox 283 2563 348 2593; x_wconf 86' lang='lat' dir='ltr'>xiv.</span> <span class='ocrx_word' id='word_1_303' title='bbox 365 2570 395 2603; x_wconf 90' lang='lat'>7,</span> <span class='ocrx_word' id='word_1_304' title='bbox 412 2564 443 2594; x_wconf 91' lang='lat'>8.</span> <span class='ocrx_word' id='word_1_305' title='bbox 469 2574 481 2594; x_wconf 94' lang='lat'>1</span> <span class='ocrx_word' id='word_1_306' title='bbox 502 2564 575 2594; x_wconf 83' lang='lat' dir='ltr'>Cor.</span> <span class='ocrx_word' id='word_1_307' title='bbox 592 2563 633 2593; x_wconf 89' lang='lat' dir='ltr'>vi.</span> <span class='ocrx_word' id='word_1_308' title='bbox 655 2572 702 2603; x_wconf 92' lang='lat'>19.</span> <span class='ocrx_word' id='word_1_309' title='bbox 728 2572 745 2593; x_wconf 88' lang='lat'>2</span> <span class='ocrx_word' id='word_1_310' title='bbox 765 2563 838 2593; x_wconf 83' lang='lat' dir='ltr'>cor.</span> <span class='ocrx_word' id='word_1_311' title='bbox 855 2574 884 2593; x_wconf 92' lang='lat' dir='ltr'>v.</span> <span class='ocrx_word' id='word_1_312' title='bbox 906 2571 953 2603; x_wconf 85' lang='lat'>15.</span> <span class='ocrx_word' id='word_1_313' title='bbox 982 2573 993 2593; x_wconf 89' lang='lat'>1</span> <span class='ocrx_word' id='word_1_314' title='bbox 1013 2563 1108 2593; x_wconf 85' lang='lat' dir='ltr'>Thes.</span> <span class='ocrx_word' id='word_1_315' title='bbox 1126 2573 1153 2592; x_wconf 93' lang='lat' dir='ltr'>v.</span> <span class='ocrx_word' id='word_1_316' title='bbox 1174 2572 1223 2592; x_wconf 90' lang='lat'>10.</span> <span class='ocrx_word' id='word_1_317' title='bbox 1361 2566 1374 2582; x_wconf 61' lang='grc' dir='ltr'>Ε</span> <span class='ocrx_word' id='word_1_318' title='bbox 1393 2563 1475 2594; x_wconf 81' lang='lat' dir='ltr'>Mat.</span> <span class='ocrx_word' id='word_1_319' title='bbox 1492 2574 1522 2595; x_wconf 90' lang='lat' dir='ltr'>v.</span> 
     </span>
     <span class='ocr_line' id='line_1_37' title="bbox 146 2615 1522 2656; baseline 0 -9"><span class='ocrx_word' id='word_1_320' title='bbox 146 2616 194 2647; x_wconf 89' lang='lat'>16.</span> <span class='ocrx_word' id='word_1_321' title='bbox 220 2627 232 2648; x_wconf 96' lang='lat'>1</span> <span class='ocrx_word' id='word_1_322' title='bbox 253 2618 320 2647; x_wconf 85' lang='lat' dir='ltr'>Pet.</span> <span class='ocrx_word' id='word_1_323' title='bbox 335 2617 369 2647; x_wconf 83' lang='lat' dir='ltr'>ii.</span> <span class='ocrx_word' id='word_1_324' title='bbox 385 2626 432 2647; x_wconf 91' lang='lat'>12.</span> <span class='ocrx_word' id='word_1_325' title='bbox 598 2615 612 2637; x_wconf 57' lang='grc' dir='ltr'><strong><em>ἃ</em></strong></span> <span class='ocrx_word' id='word_1_326' title='bbox 631 2617 712 2647; x_wconf 86' lang='lat' dir='ltr'>Mat.</span> <span class='ocrx_word' id='word_1_327' title='bbox 726 2627 756 2646; x_wconf 88' lang='lat' dir='ltr'>v.</span> <span class='ocrx_word' id='word_1_328' title='bbox 774 2626 822 2647; x_wconf 83' lang='lat'>12.</span> <span class='ocrx_word' id='word_1_329' title='bbox 846 2627 878 2646; x_wconf 86' lang='lat' dir='ltr'>x.</span> <span class='ocrx_word' id='word_1_330' title='bbox 894 2625 949 2654; x_wconf 89' lang='lat'>41,</span> <span class='ocrx_word' id='word_1_331' title='bbox 964 2625 1016 2654; x_wconf 89' lang='lat'>42.</span> <span class='ocrx_word' id='word_1_332' title='bbox 1040 2627 1114 2647; x_wconf 85' lang='lat' dir='ltr'><strong>xxv.</strong></span> <span class='ocrx_word' id='word_1_333' title='bbox 1128 2624 1182 2655; x_wconf 82' lang='lat'>34,</span> <span class='ocrx_word' id='word_1_334' title='bbox 1198 2625 1251 2656; x_wconf 81' lang='lat'>39.</span> <span class='ocrx_word' id='word_1_335' title='bbox 1275 2615 1390 2655; x_wconf 82' lang='lat' dir='ltr'>Ephcs.</span> <span class='ocrx_word' id='word_1_336' title='bbox 1406 2616 1454 2647; x_wconf 83' lang='lat' dir='ltr'>iii.</span> <span class='ocrx_word' id='word_1_337' title='bbox 1471 2626 1522 2648; x_wconf 88' lang='lat'>20.</span> 
     </span>
    </p>
   </div>
   <div class='ocr_carea' id='block_1_5' title="bbox 144 2669 1522 2815">
    <p class='ocr_par' dir='ltr' id='par_1_8' title="bbox 144 2669 1522 2815">
     <span class='ocr_line' id='line_1_38' title="bbox 145 2669 1522 2712; baseline 0 -11"><span class='ocrx_word' id='word_1_338' title='bbox 145 2680 162 2701; x_wconf 88' lang='lat'><strong>2</strong></span> <span class='ocrx_word' id='word_1_339' title='bbox 179 2672 265 2702; x_wconf 84' lang='lat' dir='ltr'>Tim.</span> <span class='ocrx_word' id='word_1_340' title='bbox 284 2672 304 2702; x_wconf 93' lang='lat' dir='ltr'>i.</span> <span class='ocrx_word' id='word_1_341' title='bbox 320 2681 351 2712; x_wconf 90' lang='lat'>9.</span> <span class='ocrx_word' id='word_1_342' title='bbox 446 2677 458 2691; x_wconf 57' lang='grc' dir='ltr'><strong>ε</strong></span> <span class='ocrx_word' id='word_1_343' title='bbox 475 2672 568 2702; x_wconf 84' lang='lat' dir='ltr'>Rom.</span> <span class='ocrx_word' id='word_1_344' title='bbox 584 2670 631 2701; x_wconf 88' lang='lat' dir='ltr'>iii.</span> <span class='ocrx_word' id='word_1_345' title='bbox 650 2679 699 2707; x_wconf 88' lang='lat'>24.</span> <span class='ocrx_word' id='word_1_346' title='bbox 727 2680 738 2700; x_wconf 93' lang='lat'>1</span> <span class='ocrx_word' id='word_1_347' title='bbox 760 2671 833 2701; x_wconf 82' lang='lat' dir='ltr'>Cor.</span> <span class='ocrx_word' id='word_1_348' title='bbox 849 2671 870 2701; x_wconf 85' lang='lat' dir='ltr'>i.</span> <span class='ocrx_word' id='word_1_349' title='bbox 968 2669 979 2689; x_wconf 85' lang='lat' dir='ltr'>f</span> <span class='ocrx_word' id='word_1_350' title='bbox 992 2671 1087 2701; x_wconf 88' lang='lat' dir='ltr'>Rom.</span> <span class='ocrx_word' id='word_1_351' title='bbox 1105 2669 1151 2700; x_wconf 80' lang='lat' dir='ltr'>iii.</span> <span class='ocrx_word' id='word_1_352' title='bbox 1166 2678 1217 2708; x_wconf 89' lang='lat'>24.</span> <span class='ocrx_word' id='word_1_353' title='bbox 1240 2669 1283 2700; x_wconf 84' lang='lat' dir='ltr'>xi.</span> <span class='ocrx_word' id='word_1_354' title='bbox 1299 2669 1328 2700; x_wconf 91' lang='lat'>6.</span> <span class='ocrx_word' id='word_1_355' title='bbox 1356 2671 1427 2701; x_wconf 84' lang='lat' dir='ltr'>Gal.</span> <span class='ocrx_word' id='word_1_356' title='bbox 1444 2681 1474 2702; x_wconf 90' lang='lat' dir='ltr'>v.</span> <span class='ocrx_word' id='word_1_357' title='bbox 1490 2680 1522 2708; x_wconf 89' lang='lat'>4.</span> 
     </span>
     <span class='ocr_line' id='line_1_39' title="bbox 144 2723 1521 2766; baseline 0.001 -12"><span class='ocrx_word' id='word_1_358' title='bbox 144 2733 161 2754; x_wconf 86' lang='lat'><strong>2</strong></span> <span class='ocrx_word' id='word_1_359' title='bbox 179 2725 266 2754; x_wconf 82' lang='lat' dir='ltr'>Tim.</span> <span class='ocrx_word' id='word_1_360' title='bbox 283 2725 303 2755; x_wconf 92' lang='lat' dir='ltr'>i.</span> <span class='ocrx_word' id='word_1_361' title='bbox 319 2735 350 2766; x_wconf 89' lang='lat'>9.</span> <span class='ocrx_word' id='word_1_362' title='bbox 374 2725 439 2755; x_wconf 66' lang='lat' dir='ltr'>Tit,</span> <span class='ocrx_word' id='word_1_363' title='bbox 457 2725 503 2755; x_wconf 84' lang='lat' dir='ltr'>iii.</span> <span class='ocrx_word' id='word_1_364' title='bbox 516 2733 550 2762; x_wconf 88' lang='lat'>4,</span> <span class='ocrx_word' id='word_1_365' title='bbox 567 2733 597 2764; x_wconf 77' lang='lat'>5.</span> <span class='ocrx_word' id='word_1_366' title='bbox 622 2725 720 2762; x_wconf 88' lang='lat' dir='ltr'>Apoc.</span> <span class='ocrx_word' id='word_1_367' title='bbox 738 2723 803 2754; x_wconf 83' lang='lat' dir='ltr'>xxi.</span> <span class='ocrx_word' id='word_1_368' title='bbox 820 2723 849 2753; x_wconf 88' lang='lat'>6.</span> <span class='ocrx_word' id='word_1_369' title='bbox 938 2730 951 2748; x_wconf 67' lang='lat'>‘0&#39;</span> <span class='ocrx_word' id='word_1_370' title='bbox 970 2724 1071 2754; x_wconf 87' lang='lat' dir='ltr'>Marc.</span> <span class='ocrx_word' id='word_1_371' title='bbox 1088 2724 1132 2754; x_wconf 88' lang='lat' dir='ltr'>ix.</span> <span class='ocrx_word' id='word_1_372' title='bbox 1150 2732 1202 2761; x_wconf 71' lang='lat'>23,</span> <span class='ocrx_word' id='word_1_373' title='bbox 1223 2732 1272 2761; x_wconf 86' lang='lat'>24.</span> <span class='ocrx_word' id='word_1_374' title='bbox 1295 2724 1391 2755; x_wconf 76' lang='lat' dir='ltr'>Joan.</span> <span class='ocrx_word' id='word_1_375' title='bbox 1408 2724 1451 2754; x_wconf 87' lang='lat' dir='ltr'>ix.</span> <span class='ocrx_word' id='word_1_376' title='bbox 1468 2734 1521 2764; x_wconf 84' lang='lat'>39.</span> 
     </span>
     <span class='ocr_line' id='line_1_40' title="bbox 148 2777 415 2815; baseline 0.007 -9"><span class='ocrx_word' id='word_1_377' title='bbox 148 2787 159 2806; x_wconf 88' lang='lat'>1</span> <span class='ocrx_word' id='word_1_378' title='bbox 181 2778 244 2807; x_wconf 84' lang='lat' dir='ltr'>Pet.</span> <span class='ocrx_word' id='word_1_379' title='bbox 263 2777 282 2807; x_wconf 81' lang='lat' dir='ltr'>i.</span> <span class='ocrx_word' id='word_1_380' title='bbox 300 2787 351 2815; x_wconf 86' lang='lat' dir='ltr'>zo,</span> <span class='ocrx_word' id='word_1_381' title='bbox 368 2787 415 2808; x_wconf 81' lang='lat'>21.</span> 
     </span>
    </p>
   </div>
  </div>
 </body>
</html>
