1799 3077
266 161 350 203 246
594 162 829 203 NOELI.1
866 162 1327 204 CATECHISMUS.

322 277 378 317 A.
402 275 567 316 Dicam:
593 277 703 317 Cum
724 275 929 316 mundum
948 276 1060 317 hunc
1080 275 1306 317 fabricatus
1326 284 1430 316 esset
1447 275 1655 317 Dominus

266 344 397 394 Deus,
425 344 623 385 ahortum
658 344 746 399 ipse
779 343 941 399 paravit
970 344 1256 394 cultissimum,
1287 343 1654 400 plenissimumque

264 411 547 453 oblectationis
576 421 617 453 et
641 411 931 468 jucunditatis,
960 428 1221 468 quaecunque
1252 411 1493 468 expetibiles
1523 422 1653 462 erant,

266 478 420 520 deliciis
441 479 627 535 undique
647 478 898 519 affluentem.
961 479 1045 520 Hic
1067 479 1273 520 Dominus
1294 480 1412 519 Deus
1439 478 1656 535 singularis

266 547 484 602 cujusdam
501 547 797 588 benevolentiae
818 547 952 603 gratia
966 547 1175 588 hominem
1190 547 1417 597 collocavit,
1434 546 1655 602 omniaque

265 615 375 656 illius
410 615 502 656 usui
538 615 747 671 permisit;
791 624 952 656 tantum
987 615 1046 655 illi
1082 615 1224 656 fructu
1258 615 1415 656 arboris
1444 614 1654 656 bscientiae

266 683 364 724 boni
386 695 424 724 et
447 683 542 724 mali
562 683 789 734 interdixit,
813 692 958 733 morte,
981 683 1013 723 si
1033 682 1148 724 illum
1177 691 1376 739 gustaret,
1396 682 1654 723 denunciata.

270 753 352 792 Par
372 751 479 792 enim
500 761 601 802 erat,
624 760 671 792 ut
693 760 753 792 tot
773 751 980 792 beneficiis
995 760 1012 780 c
1025 751 1196 792 affectus
1212 751 1351 802 homo,
1373 750 1572 792 hactenus
1587 764 1659 806 pa-

267 819 409 869 rendo,
431 819 606 860 libenter
624 835 665 860 se
679 819 761 860 Dei
775 819 948 875 imperio
964 819 1247 875 obtemperare
1262 819 1508 869 ostenderet,
1527 828 1658 874 utque

268 903 342 929 sua
362 896 579 929 contentus
600 897 722 938 sorte,
744 887 866 929 altius
888 903 972 929 sese
992 896 1135 929 contra
1159 887 1381 929 conditoris
1401 887 1655 928 voluntatem

267 955 458 998 conditus
476 956 564 1012 ipse
583 971 666 996 non
686 956 860 997 efferret.

327 1025 389 1064 M.
414 1023 525 1073 Quid
545 1023 694 1064 deinde
714 1023 870 1064 factum
892 1026 982 1064 est?

325 1093 380 1132 A.
406 1090 564 1132 Mulier
583 1091 602 1120 d
619 1107 643 1132 a
673 1091 853 1133 Diabolo
883 1091 1018 1142 illusa,
1040 1091 1129 1132 viro
1160 1090 1376 1148 persuasit,
1407 1100 1455 1131 ut
1482 1090 1655 1131 vetitum

267 1159 450 1200 fructum
471 1168 684 1214 gustaret3
719 1175 813 1215 quae
836 1175 900 1200 res
930 1170 1155 1215 utrumque
1181 1158 1304 1200 morti
1335 1158 1471 1200 statim
1503 1159 1660 1199 obnox-

266 1226 354 1267 ium
376 1226 508 1267 effecit
523 1243 533 1274 ς
568 1226 786 1282 deletaque
802 1226 871 1268 illa
886 1226 1040 1268 coelesti
1055 1227 1247 1282 imagine,
1265 1226 1318 1267 ad
1334 1241 1460 1282 quam
1476 1226 1658 1282 primum

266 1304 328 1336 est
347 1294 551 1344 conditus,
573 1294 614 1334 in
636 1294 772 1335 locum
802 1295 1026 1352 sapientiae,
1049 1294 1227 1344 virtutis,
1251 1294 1488 1345 sanctitatis,
1512 1294 1660 1334 verita-

267 1363 331 1412 tis,
357 1362 546 1418 justitiae,
574 1362 727 1418 quibus
757 1378 852 1404 eum
884 1363 1133 1404 ornamentis
1163 1364 1281 1404 Deus
1310 1363 1514 1412 induerat,
1537 1371 1659 1404 teter-

265 1430 380 1471 rimae
403 1440 684 1472 successerunt
704 1440 851 1487 pestes,
869 1440 885 1459 θ
902 1431 1075 1480 caecitas,
1097 1430 1351 1487 impotentia,
1370 1430 1571 1486 impietas,
1593 1446 1658 1471 va-

266 1498 385 1548 nitas,
403 1498 619 1555 injustitia,
637 1498 790 1555 quibus
806 1499 928 1540 etiam
944 1499 1074 1550 malis,
1092 1509 1217 1555 atque
1233 1499 1404 1540 miseriis
1418 1499 1657 1555 progeniem

267 1582 396 1617 suam,
415 1576 541 1622 atque
561 1566 664 1608 adeo
680 1582 843 1608 omnem
860 1568 1141 1623 posteritatem
1157 1567 1361 1623 implicuit
1376 1576 1417 1608 et
1432 1567 1656 1623 cooperuit.

325 1636 388 1676 M.
412 1636 568 1676 Verum
590 1650 641 1675 an
663 1650 745 1675 non
767 1635 939 1676 nimium
961 1651 1097 1677 severe
1119 1635 1242 1677 unius
1263 1635 1375 1692 pomi
1401 1645 1571 1692 gustum
1598 1635 1660 1676 ul-

215 1711 218 1713 ’
263 1712 332 1744 tus
353 1718 441 1744 esse
461 1703 579 1744 Deus
599 1702 730 1744 videri
755 1704 912 1759 possit?

323 1771 375 1812 A.
408 1771 569 1826 Nequis
605 1771 780 1812 hominis
812 1771 942 1812 scelus
971 1772 1273 1828 gravissimum,
1307 1781 1353 1812 ut
1384 1787 1557 1828 parvum
1590 1772 1659 1812 de-

264 1838 408 1880 lictum
449 1838 594 1890 elevet,
632 1855 734 1880 neve
770 1855 820 1880 ex
855 1855 980 1896 pomo
1017 1849 1193 1890 tantum,
1227 1839 1291 1880 fet
1327 1840 1526 1881 immensa
1559 1840 1658 1896 gula

264 1908 423 1948 factum
459 1916 627 1963 spectet.
689 1909 798 1948 Nam
835 1907 902 1948 ille
938 1923 1022 1948 una
1056 1923 1151 1948 cum
1182 1908 1358 1964 conjuge
1389 1924 1476 1958 sua,
1509 1908 1659 1949 dolosis

265 1985 285 2014 g
301 1977 463 2016 Satanae
484 1975 684 2017 illecebris
705 1985 849 2031 captus
870 1985 996 2032 atque
1022 1976 1217 2026 irretitus,
1241 1992 1265 2016 a
1294 1976 1376 2016 Dei
1397 1976 1568 2017 veritate
1599 1976 1658 2017 in-

265 2044 460 2085 credulus
485 2044 538 2084 ad
569 2043 829 2085 mendacium
861 2044 1053 2092 deflexit3
1089 2044 1287 2100 serpentis
1316 2044 1544 2095 calumniis,
1567 2045 1658 2101 qui-

266 2112 345 2153 bus
372 2113 512 2153 Deum
543 2121 584 2152 et
614 2112 829 2162 mendacii,
852 2121 893 2153 et
922 2112 1102 2162 invidiae,
1125 2125 1165 2153 et
1195 2112 1461 2168 malignitatis
1490 2113 1658 2155 insimu-

266 2178 337 2229 lat,
360 2179 485 2220 fidem
513 2179 684 2227 habuit;
719 2188 780 2220 tot
800 2179 1043 2220 hbeneficiis
1073 2180 1257 2230 affectus,
1280 2179 1322 2220 in
1352 2179 1569 2221 authorem
1599 2181 1660 2221 in-

265 2246 523 2302 gratissimus
544 2246 705 2295 extitit;
739 2256 859 2288 terrae
879 2247 1002 2297 filius,
1026 2247 1091 2288 cui
1118 2262 1266 2303 parum
1288 2247 1521 2298 videbatur,
1544 2247 1659 2303 quod

266 2315 321 2356 ad
342 2315 423 2356 Dei
443 2314 752 2356 similitudinem
774 2315 908 2356 factus
929 2324 1047 2366 esset,
1070 2315 1315 2356 intolerabili
1336 2314 1580 2357 iambitione
1601 2325 1660 2357 at-

267 2402 349 2442 que
371 2386 578 2443 superbia,
599 2401 684 2427 sese
705 2386 784 2427 Dei
807 2385 1010 2442 majestati
1031 2401 1196 2442 aequare
1217 2385 1447 2433 affectavit3
1481 2386 1659 2442 denique

268 2454 491 2495 conditoris
522 2469 563 2494 se
594 2453 766 2510 imperio
792 2453 1122 2495 kcontumaciter
1153 2453 1367 2505 subduxit,
1397 2453 1480 2495 imo
1503 2454 1658 2510 jugum

312 2598 326 2612 ἃ
342 2592 423 2622 Gen.
441 2593 473 2623 ii.
486 2592 516 2622 8.
649 2592 663 2612 ὓ
680 2593 760 2623 Gen.
777 2593 810 2623 ii.
830 2601 877 2633 17.
1007 2600 1020 2613 0
1038 2595 1120 2624 Gen.
1135 2594 1181 2624 iii.
1202 2603 1249 2623 11.
1274 2594 1356 2624 Psal.
1375 2593 1439 2624 viii.
1455 2602 1488 2631 4,
1503 2600 1534 2632 5,
1548 2592 1579 2630 6,
1600 2593 1658 2623 ἃς.

269 2645 282 2665 ¹¹
301 2645 381 2675 Gen.
399 2645 442 2675 iii.
463 2655 488 2676 1.
504 2646 546 2676 vi.
563 2653 591 2684 7.
766 2652 778 2666 Ε
796 2648 865 2677 Act.
883 2647 947 2679 xiv.
969 2656 1020 2684 12,
1042 2657 1090 2685 ¹3·
1108 2648 1184 2677 xvii.
1205 2657 1253 2677 21.
1278 2648 1371 2678 Rom.
1386 2647 1406 2676 i.
1427 2655 1476 2676 22.
1493 2646 1559 2675 viii.
1578 2652 1607 2684 7,
1625 2646 1658 2677 8.

273 2706 285 2727 1
308 2699 382 2728 Cor.
398 2698 433 2729 ii.
455 2707 501 2736 14.
527 2699 609 2738 Eph.
627 2699 668 2730 ἰν.
689 2706 739 2739 17,
762 2700 811 2736 18,
830 2710 878 2731 22.
1023 2699 1034 2720 s
1048 2702 1128 2732 Gen.
1146 2702 1191 2731 iii.
1208 2699 1237 2731 6.
1387 2706 1400 2726 ε
1418 2699 1499 2729 Gen.
1515 2699 1560 2729 iii.
1576 2708 1608 2737 4,
1627 2708 1659 2739 5.

270 2751 285 2771 ¹¹
303 2752 385 2781 Psal-
403 2752 469 2781 viii-
487 2760 520 2788 4,
540 2762 571 2790 s.
590 2752 618 2783 6.
748 2753 849 2784 icen.
866 2755 909 2784 iii.
931 2764 979 2784 22.
1098 2754 1111 2774 k
1129 2754 1332 2785 Gen.iii.11.
1357 2754 1431 2783 Ose.
1450 2753 1490 2782 vi.
1510 2760 1537 2793 7·
1563 2754 1658 2784 Rom.

271 2815 299 2836 v.
323 2814 367 2843 ιε).
