1799 3077
283 166 366 211 196
679 168 907 210 JUELLI
940 168 1273 210 APOLOGIA.

281 280 372 337 paci
392 295 486 322 cum
508 281 748 337 exceptione
768 281 1020 323 studendum
1048 291 1123 333 est,
1146 290 1349 339 quantum
1371 281 1434 322 fas
1454 280 1519 333 sit,
1542 296 1671 338 quan-

281 358 455 405 tumque
485 349 615 391 liceat.
678 349 851 405 Alioqui
874 349 1066 391 Christus
1092 351 1179 407 ipse
1210 365 1292 391 non
1322 365 1466 406 pacem
1490 350 1532 390 in
1553 365 1673 391 mun-

281 417 383 458 dum
415 418 568 469 attulit,
602 418 673 459 sed
702 417 902 474 gladium.
965 419 1103 468 Quare
1134 419 1165 459 si
1196 434 1271 459 nos
1302 419 1419 474 Papa
1457 433 1596 459 secum
1630 418 1674 459 in

279 485 456 540 gratiam
486 485 621 526 redire
643 485 754 536 velit,
776 484 863 541 ipse
883 484 1000 541 prius
1019 485 1060 525 in
1082 486 1256 541 gratiam
1280 485 1413 527 redire
1433 485 1557 526 debet
1577 499 1674 525 cum

280 553 384 594 Deo.
447 553 562 594 Hinc
596 553 720 603 enim,
752 552 889 609 inquit
924 553 1174 609 Cyprianus,
1212 553 1431 594 schismata
1464 552 1671 604 oriuntur,

279 621 379 677 quia
405 629 531 678 caput
560 636 643 662 non
664 620 881 677 quaeritur,
904 629 945 661 et
974 621 1027 661 ad
1060 620 1218 662 fontem
1249 636 1455 662 sacrarum
1489 621 1673 676 Scriptu-

279 705 417 731 rarum
450 705 532 731 non
561 689 745 737 reditum
779 697 819 730 et
840 688 1015 730 coelestis
1044 689 1231 746 magistri
1260 697 1470 745 praecepta
1489 704 1572 730 non
1593 704 1673 730 ser-

279 766 441 798 vantur.
502 757 600 798 Non
635 756 758 807 enim,
790 756 941 812 inquit,
972 771 1055 812 pax
1087 772 1135 797 ea
1166 765 1241 807 est,
1274 756 1345 797 sed
1379 755 1561 804 bellum;
1599 771 1674 797 nec

279 825 476 866 Ecclesiae
500 824 710 881 jungitur,
732 824 805 880 qui
832 825 884 866 ab
913 824 1146 881 Evangelio
1179 835 1404 881 separatur.
1469 824 1546 865 Isti
1577 840 1674 866 vero

277 893 501 950 cauponari
524 891 684 934 tanturn
707 892 838 933 solent
865 907 1014 933 nomen
1044 892 1178 948 pacis:
1214 894 1306 933 Pax
1328 892 1436 933 enim
1457 892 1526 933 illa
1546 908 1672 948 quam

279 971 494 1018 tantopere
515 969 724 1017 quaerunt,
747 960 973 1001 otiosorum
993 970 1156 1002 tantum
1178 969 1239 1001 est
1262 969 1451 1000 ventrum
1474 960 1675 1016 tranquil-

278 1030 382 1071 litas.
444 1031 554 1071 Nam
585 1029 673 1070 haec
704 1029 841 1070 onmia
870 1029 977 1070 inter
1013 1044 1086 1069 nos
1116 1028 1234 1069 facile
1266 1027 1457 1084 componi
1491 1038 1672 1084 possent,

278 1097 356 1138 nisi
387 1097 571 1148 ambitio,
600 1106 757 1147 venter,
780 1097 906 1138 luxus
936 1097 1196 1153 impedirent.
1259 1096 1373 1137 Hinc
1403 1096 1484 1137 illae
1513 1096 1674 1154 lachry-

278 1181 382 1213 mae3
417 1166 579 1207 animus
609 1175 668 1206 est
699 1165 741 1205 in
772 1165 933 1222 patinis.
999 1166 1051 1206 Id
1074 1165 1223 1206 scilicet
1244 1165 1435 1215 clamant,
1457 1175 1583 1221 atque
1603 1167 1675 1207 ob-

279 1243 483 1290 strepunt,
508 1243 555 1275 ut
582 1233 687 1274 male
718 1243 837 1290 parta
858 1233 1009 1274 foedius
1029 1241 1070 1274 et
1092 1234 1267 1289 nequius
1298 1242 1505 1274 tueantur.
1565 1235 1675 1284 Que-

279 1313 430 1344 runtur
460 1302 583 1342 hodie
619 1302 671 1342 de
706 1301 825 1342 nobis
857 1301 1189 1358 Indulgentiarii,
1223 1300 1400 1350 Datarii,
1433 1310 1672 1356 quaestores,

277 1371 457 1420 lenones,
494 1370 660 1425 aliique,
692 1370 765 1426 qui
798 1379 1005 1426 quaestum
1045 1378 1196 1425 putant
1237 1384 1322 1409 esse
1356 1368 1565 1425 pietatem,
1598 1385 1672 1411 nec

277 1441 383 1480 Jesu
405 1438 573 1479 Christo
604 1437 802 1487 serviunt,
825 1438 896 1478 sed
928 1453 1002 1478 suo
1023 1437 1166 1478 ventri.
1230 1437 1339 1478 Olim
1372 1437 1479 1478 enim
1507 1437 1572 1478 isti
1603 1454 1673 1494 ge-

277 1508 365 1548 neri
385 1507 599 1548 hominum
622 1506 703 1546 fuit
723 1515 909 1562 quaestus
931 1506 1164 1546 uberrimus
1186 1505 1299 1561 apud
1322 1505 1517 1546 saeculum
1543 1506 1670 1561 prius.

278 1578 403 1617 Nunc
435 1585 574 1616 autem
607 1574 814 1630 quidquid
853 1574 1019 1615 Christo
1049 1574 1219 1624 accedit,
1256 1574 1299 1614 id
1334 1589 1455 1614 omne
1491 1573 1566 1614 sibi
1601 1574 1671 1614 de-

279 1654 454 1685 tractum
477 1651 639 1699 putant.
694 1643 745 1683 Id
768 1642 891 1683 hodie
914 1643 1109 1684 Pontifex
1130 1642 1217 1699 ipse
1239 1642 1430 1698 queritur
1450 1641 1670 1691 refrixisse,

278 1712 480 1762 videlicet,
503 1711 722 1767 pietatem3
758 1711 914 1752 reditus
936 1727 1030 1752 suos
1051 1711 1307 1767 angustiores
1322 1711 1409 1766 jam
1427 1726 1526 1759 esse,
1544 1725 1670 1766 quam

278 1781 474 1821 solebant.
537 1781 689 1835 Itaque
718 1795 792 1820 nos
822 1779 862 1819 in
892 1779 1031 1820 odium
1067 1779 1188 1835 rapit,
1211 1788 1415 1834 quantum
1450 1787 1597 1834 potest,
1630 1787 1671 1819 et

277 1858 419 1889 onerat
449 1847 720 1897 contumeliis,
753 1857 793 1888 et
826 1847 1072 1888 condemnat
1104 1863 1181 1903 pro
1213 1846 1459 1893 Haereticis;
1504 1856 1563 1896 ut,
1596 1847 1668 1902 qui

276 1931 441 1959 causam
473 1931 554 1957 non
583 1915 834 1972 intelligunt,
856 1924 1020 1971 putent,
1042 1914 1177 1956 nullos
1198 1930 1282 1955 esse
1313 1914 1497 1955 homines
1525 1915 1668 1970 nequi-

277 2001 378 2026 ores.
441 1985 529 2025 Nos
560 1993 697 2024 tamen
728 1983 891 2024 interim
928 1999 975 2024 ea
1009 1999 1132 2024 causa
1166 1998 1240 2023 nec
1275 1982 1420 2039 pudet,
1453 1998 1526 2023 nec
1561 1992 1669 2024 certe

277 2054 435 2110 pudere
466 2053 589 2094 debet
619 2053 854 2109 Evangelii,
878 2053 959 2093 Dei
989 2053 1096 2093 enim
1128 2051 1301 2108 gloriam
1330 2051 1460 2107 pluris
1480 2051 1668 2101 facimus,

277 2137 404 2178 quam
444 2121 787 2162 existimationem
825 2121 1054 2162 hominum.
1132 2120 1293 2161 Scimus
1332 2119 1410 2160 ista
1451 2135 1547 2161 vera
1585 2136 1671 2161 esse

278 2190 428 2240 omnia,
451 2205 546 2245 quae
566 2189 774 2238 docemus,
797 2204 872 2230 nec
901 2204 1120 2245 possumus
1149 2197 1222 2228 aut
1252 2187 1334 2228 vim
1356 2187 1490 2228 facere
1520 2187 1672 2228 consci-

277 2258 399 2299 entiae
419 2267 583 2308 nostrae,
605 2266 678 2298 aut
708 2256 988 2298 testimonium
1010 2257 1144 2297 dicere
1173 2265 1316 2296 contra
1346 2256 1497 2295 Deum.
1559 2256 1669 2295 Nam

279 2325 309 2366 si
339 2342 412 2367 nos
444 2341 642 2381 negamus
668 2332 827 2381 partem
859 2324 1038 2380 aliquam
1061 2324 1279 2380 Evangelii
1301 2325 1330 2363 J
1335 2339 1406 2364 esu
1429 2322 1583 2364 Christi
1605 2339 1670 2364 co-

278 2409 365 2434 ram
388 2393 638 2443 hominibus,
661 2392 726 2433 ille
758 2408 831 2433 nos
856 2392 1032 2433 vicissim
1061 2392 1228 2448 negabit
1258 2406 1393 2432 coram
1428 2392 1552 2431 Patre
1583 2406 1668 2431 suo.

280 2461 403 2510 Quod
431 2461 463 2501 si
494 2460 565 2516 qui
598 2469 708 2510 sunt,
732 2460 804 2516 qui
835 2459 987 2501 offendi
1018 2459 1159 2509 velint,
1181 2468 1222 2500 et
1254 2458 1408 2500 Christi
1441 2457 1668 2498 doctrinam

279 2543 359 2567 non
392 2529 540 2578 ferant,
573 2528 668 2568 (πυρὶ
700 2537 810 2578 sunt,
844 2538 884 2568 et
914 2528 1039 2568 duces
1071 2542 1296 2568 caecorum:
1343 2526 1502 2567 Veritas
1532 2533 1669 2565 tamen

278 2595 555 2651 praedicanda,
578 2605 618 2636 et
640 2612 726 2651 prae
748 2595 865 2636 nobis
885 2595 1055 2635 ferenda
1075 2604 1149 2645 est,
1168 2604 1208 2636 ct
1228 2594 1432 2650 patienter
1453 2601 1670 2647 expectan-

278 2663 378 2703 dum
402 2672 461 2702 est
484 2663 663 2703 tribunal
695 2663 788 2704 Dei.
852 2663 1023 2704 Interim
1053 2663 1116 2704 isti
1142 2663 1320 2712 videant,
1343 2661 1445 2717 quid
1466 2670 1605 2715 agant,
1628 2668 1670 2699 et

277 2731 330 2771 (le
351 2730 481 2770 salute
503 2745 577 2770 sua
595 2731 789 2784 cogitent,
812 2741 853 2771 et
874 2730 1062 2771 desinant.
1083 2731 1216 2771 odisse
1243 2746 1289 2771 ac
1317 2727 1508 2785 persequi
1529 2729 1668 2768 Evan-

278 2797 428 2853 gelium
464 2796 556 2838 Filii
591 2797 684 2845 Dei,
708 2813 757 2839 nc
788 2797 902 2839 illum
935 2797 1158 2853 aliquando
1190 2796 1361 2837 sentiant
1387 2794 1603 2843 vindicem,
1627 2803 1665 2835 et
