1799 3077
514 108 745 149 JUELLI
778 108 1119 149 APOLOGIA.
1420 113 1501 153 155

112 223 222 264 mine
245 223 387 270 Deus,
419 220 498 278 ipsi
519 230 615 262 sunt
635 220 677 261 in
704 220 987 277 persecutione
1015 230 1089 261 tua
1116 219 1252 276 primi,
1273 222 1345 277 qui
1365 222 1505 264 viden-

113 300 183 332 tur
213 290 256 331 in
285 288 470 331 Ecclesia
499 296 572 329 tua
601 287 826 344 primatum
857 288 1042 344 diligere,
1065 297 1106 329 et
1134 303 1276 344 gerere
1305 288 1507 345 principa„

115 368 217 400 tum.
267 358 387 399 Idem
406 357 447 397 in
472 356 667 398 Cantica:
704 358 858 397 Omnes
878 356 1011 406 amici,
1028 371 1169 396 omnes
1184 355 1351 407 inimici,
1368 373 1508 399 omnes
1520 374 1614 403 germ,
1632 382 1685 411 33·

115 425 344 475 necessarii,
376 439 517 465 omnes
556 424 793 475 adversarii,
826 424 932 465 servi
964 424 1134 474 Christi,
1166 423 1350 464 serviunt
1386 426 1509 466 Anti-

115 494 278 535 christo.
341 493 449 533 Ecce
470 491 512 531 in
533 507 632 547 pace
654 507 744 532 mea
771 491 1004 532 amaritudo
1035 506 1126 532 mea
1155 502 1215 532 est
1246 491 1506 533 amarissima.

117 563 312 618 Rogerus
334 562 489 610 Bacon,
511 559 651 615 magni
672 559 848 600 nominis
868 559 945 610 vir,
968 574 1064 600 cum
1094 559 1177 600 acri
1207 558 1390 600 oratione
1420 576 1512 616 per-

120 629 348 671 strinxisset
370 627 642 668 miserabilem
664 637 817 668 statum
839 627 902 668 sui
919 627 1114 684 temporis
1132 644 1143 675 3
1175 627 1256 678 isti,
1279 627 1428 683 inquit,
1452 637 1512 669 tot
1526 640 1562 669 In
1580 640 1683 668 libello

120 713 277 739 errores
298 696 603 737 Antichristum
626 695 854 751 requirunt.
1524 684 1720 764 ‘lli‘ilfg‘ffgfffie

181 766 341 806 Gerson
364 763 568 819 queritur,
592 778 666 803 suo
687 773 871 819 tempore
892 778 1055 803 omnem
1076 762 1159 803 vim
1189 778 1311 803 sacrae
1335 761 1516 802 Theolo-

121 832 215 888 giae,
237 832 290 872 ad
311 831 800 877 ambitiosumcertamen
821 830 1097 887 ingeniorum,
1118 841 1158 871 et
1186 845 1341 871 meram
1371 829 1515 885 Sophi-

125 900 264 941 sticam
288 899 414 940 fuisse
436 908 678 940 revocatam.

183 969 352 1009 Fratres
376 966 695 1023 Lugdunenses,
718 966 916 1016 homines,
939 965 1053 1022 quod
1075 965 1244 1021 quidem
1265 965 1318 1006 ad
1342 965 1435 1006 vitae
1457 981 1519 1006 ra-

127 1038 279 1079 tionem
300 1037 460 1088 attinet,
484 1052 565 1077 non
593 1036 705 1087 mali,
728 1037 960 1077 Romanam
993 1035 1237 1085 Ecclesiam,
1261 1051 1286 1076 a
1315 1051 1398 1090 qua
1429 1046 1518 1076 tum

128 1117 212 1146 una
233 1106 400 1146 oracula
429 1105 566 1146 omnia
596 1105 859 1160 petebantur,
883 1104 1058 1145 fidenter
1089 1103 1273 1144 solebant
1303 1103 1519 1154 affirmare,

129 1188 214 1214 esse
234 1172 489 1213 meretricem
511 1171 622 1212 illam
649 1171 961 1227 Babylonicam,
983 1171 1035 1212 de
1066 1186 1149 1227 qua
1180 1179 1263 1211 tam
1294 1170 1522 1227 perspicuae

130 1250 273 1281 extant
293 1239 579 1296 praedictiones
600 1239 642 1279 in
661 1238 932 1295 Apocalypsi,
955 1248 994 1280 et
1016 1249 1168 1280 coetum
1190 1239 1428 1279 inferorum.

192 1307 284 1348 Scio
305 1308 454 1349 horum
476 1307 690 1348 hominum
713 1307 997 1348 auctoritatem
1021 1307 1135 1363 apud
1154 1307 1253 1348 istos
1272 1307 1404 1347 levem
1425 1322 1522 1347 esse.

135 1377 248 1428 Quid
278 1393 391 1434 ergo,
414 1377 446 1418 si
476 1376 566 1417 illos
597 1386 719 1418 testes
749 1376 919 1426 adVOCO,
952 1376 1025 1432 qui
1056 1376 1188 1417 solent
1217 1376 1270 1416 ab
1300 1375 1398 1431 ipsis
1427 1375 1525 1415 ado-

134 1445 242 1486 rari?

195 1513 306 1563 Quid
337 1512 369 1553 si
400 1512 492 1553 dico
522 1511 759 1552 Adrianum
789 1511 1046 1567 Episcopum
1078 1512 1316 1551 Romanum
1346 1510 1524 1566 ingenue
1537 1524 1667 1553 platina.

135 1582 368 1622 confessum
391 1595 490 1630 esse,
507 1579 645 1620 onmia
665 1579 742 1620 ista
762 1579 869 1620 mala
888 1595 912 1620 a
929 1579 1146 1620 Pontificio
1164 1579 1342 1620 culmine
1357 1578 1526 1634 coepisse

139 1665 259 1691 ruere
274 1652 291 1690 Ρ

198 1716 375 1772 Pighius
396 1715 436 1756 in
454 1731 502 1756 eo
518 1715 673 1755 fatetur
689 1724 870 1755 erratum
888 1730 987 1765 esse,
1005 1715 1119 1770 quod
1136 1714 1177 1755 in
1196 1714 1385 1764 Missam,
1404 1729 1529 1769 quam

138 1784 293 1840 alioqui
314 1783 444 1824 videri
473 1782 563 1823 vult
595 1790 907 1834 sacrosanctam,
936 1783 1090 1823 abusus
1120 1783 1352 1839 complures
1382 1781 1530 1822 invecti

140 1852 231 1894 sint.
295 1852 471 1900 Gerson,
504 1850 618 1906 quod
649 1849 916 1891 multitudine
947 1850 1243 1891 levissimarum
1274 1850 1534 1891 caeremonia-

140 1936 234 1962 rum
250 1920 311 1960 vis
331 1919 462 1960 omnis
485 1918 663 1974 Spiritus
684 1918 826 1969 sancti,
844 1934 969 1974 quam
986 1918 1026 1958 in
1045 1919 1163 1959 nobis
1179 1919 1316 1974 vigere
1332 1916 1530 1974 oportuit,

142 2000 183 2030 et
203 2004 299 2029 vera
326 1988 456 2044 pietas
483 1987 534 2028 sit
564 1986 755 2027 extincta.
819 1987 984 2028 Graecia
1014 1995 1100 2027 tota
1129 1996 1254 2042 atque
1286 1987 1396 2036 Asia,
1418 1985 1532 2041 quod

144 2056 366 2098 Pontifices
387 2054 566 2096 Romani
596 2054 940 2110 Purgatoriorum
972 2069 1154 2103 suorum,
1177 2063 1218 2095 et
1249 2053 1534 2109 Indulgentia-

144 2140 238 2166 rum
269 2123 479 2174 nundinis,
511 2132 552 2164 et
582 2122 665 2163 vim
698 2122 912 2163 hominum
943 2122 1199 2163 conscientiis
1233 2122 1461 2171 attulerint,
1493 2129 1534 2161 et

145 2193 311 2234 illorum
332 2191 487 2232 loculos
507 2190 792 2247 expilaverint.

205 2262 272 2301 De
304 2259 547 2316 Tyrannide
573 2274 671 2299 vero
702 2258 1006 2314 Episcoporum
1039 2258 1324 2298 Romanorum
1355 2265 1395 2296 et
1425 2255 1535 2296 fastu

149 2328 328 2377 Persico,
352 2336 399 2367 ut
419 2326 518 2367 alios
539 2335 758 2376 taceamus,
782 2342 885 2381 quos
906 2325 977 2375 illi,
1001 2324 1114 2380 quod
1136 2324 1236 2364 vitia
1256 2339 1329 2364 sua
1349 2323 1475 2363 libere
1497 2334 1538 2364 et

148 2396 327 2451 ingenue
348 2394 665 2450 reprehendant,
688 2393 867 2434 hostium
891 2393 1061 2433 fortasse
1084 2406 1252 2432 suorum
1280 2390 1369 2431 loco
1395 2405 1538 2431 nume-

150 2463 319 2511 rabunt,
343 2461 401 2501 illi
422 2461 514 2517 ipsi,
536 2461 608 2517 qui
631 2463 792 2510 Romae,
815 2461 855 2501 in
879 2461 980 2501 urbe
1002 2468 1153 2509 sancta,
1168 2458 1209 2498 in
1230 2458 1357 2500 oculis
1374 2459 1539 2499 sanctis-

151 2530 240 2572 simi
268 2529 396 2585 patris
423 2538 598 2584 egerunt
618 2529 759 2579 vitam,
782 2539 821 2569 et
852 2527 988 2568 omnia
1018 2527 1107 2582 ejus
1136 2526 1280 2567 intima
1298 2526 1438 2567 videre
1468 2542 1539 2582 po-

153 2608 340 2647 tuerunt,
363 2606 404 2638 et
424 2611 639 2652 nunquam
660 2611 684 2636 a
710 2595 909 2637 catholica
938 2595 1019 2635 fide
1049 2594 1334 2644 discesserunt,
1356 2596 1539 2635 Lauren-

153 2665 237 2706 tius
265 2665 397 2715 Valla,
421 2664 636 2706 Marsilius
664 2665 904 2713 patavinus,
928 2664 963 2703 F
967 2662 1171 2704 ranciscus
1199 2662 1437 2712 Petrarcha,
1460 2662 1538 2702 Hi-

152 2749 374 2789 eronymus
397 2732 660 2782 Savanarola,
684 2731 831 2773 Abbas
851 2731 1108 2782 Joachimus,
1134 2730 1321 2787 Baptista
1343 2731 1536 2771 Mantua-
