1799 3077
492 139 716 181 JUELLI
750 139 1090 182 APOLOGIA.
1401 148 1484 191 179

97 250 194 300 sius,
217 250 439 291 occidentis
459 251 656 308 Episcopi
677 253 816 293 venire
846 253 1081 295 noluerunt.
1143 253 1326 310 Cyrillus
1356 257 1409 297 ab
1439 258 1484 298 il-

97 317 247 368 lorum,
279 319 351 373 qui
384 319 688 375 Patropassiani
723 320 981 373 dicebantur,
1012 320 1211 371 Concilio,
1245 337 1319 377 per
1350 323 1686 372 literas'rri;»ar.80-

95 385 328 440 appellavit.
390 386 464 426 Ad
487 386 799 428 Mediolanense
821 387 1052 429 Concilium
1074 389 1310 444 Episcopus
1330 390 1483 432 Treve-
1497 378 1686 458 {ff'ffiss'sffgff

96 452 223 493 rensis
245 453 460 504 Paulinus,
481 454 632 510 aliique
663 455 907 511 complures,
930 471 1026 496 cum
1047 456 1234 497 viderent
1254 466 1425 498 conatus
1446 468 1486 500 et

96 520 322 575 potentiam
344 521 564 572 Auxentii,
587 523 725 563 venire
746 532 999 564 recusarunt.
1053 525 1228 564 Frustra
1247 524 1354 564 enim
1376 525 1487 566 vide-

97 587 198 628 bant
218 603 259 628 se
279 587 410 629 ituros
431 604 493 639 eo,
517 589 587 630 ubi
609 605 691 630 non
712 590 830 640 ratio,
854 591 923 631 sed
945 591 1069 632 factio
1089 591 1328 638 audiretur;
1353 600 1393 632 et
1414 592 1486 632 ubi

96 669 230 695 causae
252 670 332 695 non
345 655 519 710 judicio,
543 656 612 697 sed
635 656 771 698 studio
791 657 1128 713 disceptarentur.

154 724 301 777 Atque
330 722 388 762 illi
408 723 675 777 quantumvis
707 723 886 765 habeant
916 724 1084 766 infestos
1111 735 1152 766 et
1172 724 1396 766 obstinatos
1416 725 1488 766 ad-

95 789 307 840 versarios,
328 799 464 831 tamen
485 790 518 831 si
537 790 756 842 venissent,
773 792 906 832 audiri
929 792 1070 833 saltem
1092 792 1133 833 in
1157 793 1341 834 Concilio
1356 793 1483 834 libere

97 857 339 912 potuissent.

154 926 280 965 Nunc
309 934 447 966 autem
475 940 570 967 cum
598 940 719 967 nemo
748 935 934 967 nostrum
967 942 1018 968 ne
1045 927 1185 968 sedere
1205 927 1387 983 quidem,
1409 936 1483 969 aut

97 992 265 1034 omnino
298 992 429 1034 videri
467 993 510 1033 in
544 993 717 1034 istorum
753 1010 957 1044 consessu,
991 994 1145 1035 nedum
1187 995 1312 1037 libere
1352 995 1486 1037 audiri

98 1061 239 1118 possit,
268 1076 364 1102 cum
396 1061 646 1108 Pontificum
682 1061 819 1118 legati,
852 1061 1119 1114 Patriarchae,
1154 1063 1485 1119 Archiepiscopi,

99 1127 311 1186 Episcopi,
345 1129 534 1169 Abbates
567 1144 709 1170 omnes
743 1129 960 1185 conjurati,
994 1145 1135 1171 omnes
1178 1130 1320 1171 eadem
1364 1130 1487 1187 culpa

99 1196 320 1247 constricti,
342 1212 483 1237 omnes
512 1196 654 1237 eodem
687 1206 939 1238 sacramento
969 1197 1167 1248 obstricti,
1199 1197 1272 1238 soli
1304 1198 1483 1247 sedeant,

99 1273 140 1305 et
161 1264 231 1305 soli
248 1264 320 1320 jus
341 1263 520 1305 habeant
538 1264 697 1305 ferendi
720 1265 929 1320 suffragii;
963 1275 1003 1306 et
1034 1273 1242 1321 postremo
1262 1266 1378 1321 quasi
1409 1266 1485 1322 ipsi

101 1332 202 1373 nihil
223 1332 394 1389 egerint,
416 1331 553 1373 omnia
577 1348 651 1373 sua
674 1331 833 1388 judicia
855 1334 983 1388 Papae
1011 1333 1134 1373 unius
1157 1332 1373 1383 voluntati,
1396 1333 1487 1373 libi-

101 1401 270 1457 dinique
299 1401 540 1457 subjiciant3
576 1401 777 1451 videlicet,
801 1409 848 1441 ut
874 1400 955 1450 ille,
978 1416 1103 1456 quem
1136 1401 1319 1456 oportuit
1349 1401 1487 1457 potius

100 1485 262 1510 causam
300 1469 448 1519 dicere,
483 1469 534 1510 de
569 1468 700 1524 seipso
738 1468 1003 1525 pronuntiem
1047 1483 1139 1508 cum
1174 1476 1292 1508 vetus
1330 1467 1412 1518 illa,
1446 1477 1486 1509 et

104 1537 339 1578 Christiana
368 1537 549 1586 libertas,
581 1551 707 1592 quam
734 1551 902 1592 aequum
933 1545 1020 1576 erat
1051 1535 1093 1575 in
1122 1534 1364 1576 Christianis
1392 1550 1487 1576 con-

102 1604 203 1645 ciliis
228 1620 313 1645 esse
340 1604 577 1654 maximam,
599 1619 767 1659 prorsus
787 1603 839 1644 de
862 1602 1047 1644 Concilio
1074 1602 1236 1643 sublata
1263 1602 1328 1653 sit,
1348 1602 1487 1643 mirari

103 1672 226 1712 hodie
256 1687 337 1713 non
369 1672 520 1713 debent
547 1671 733 1713 homines
764 1671 989 1727 prudentes
1008 1686 1055 1711 ac
1075 1670 1146 1727 pii,
1169 1670 1201 1711 si
1222 1685 1295 1711 nos
1315 1670 1356 1711 id
1378 1686 1488 1711 nunc

103 1740 289 1789 facimus,
312 1739 425 1795 quod
455 1739 551 1780 olim
582 1740 623 1780 in
652 1739 771 1780 simili
800 1754 935 1790 causa,
960 1754 984 1780 a
1015 1747 1076 1780 tot
1107 1738 1302 1779 Patribus
1337 1747 1378 1779 et
1412 1739 1490 1779 Ca

106 1807 265 1848 tholicis
306 1807 522 1863 Episcopis
565 1807 720 1848 factum
757 1806 921 1854 vident;
969 1815 1016 1847 ut
1052 1805 1245 1861 quoniam
1281 1805 1414 1846 audiri
1448 1805 1489 1845 in

107 1875 291 1916 Concilio
323 1889 405 1916 non
438 1890 672 1931 possumus,
695 1883 734 1915 et
764 1874 1006 1930 Principum
1039 1873 1163 1930 legati
1194 1873 1401 1914 habentur
1429 1873 1492 1913 lu-

106 1942 252 1993 dibrio,
276 1952 317 1984 et
345 1958 419 1983 nos
449 1958 603 1993 omnes,
626 1942 742 1998 quasi
771 1957 834 1983 res
856 1942 943 1998 jam
974 1950 1094 1982 antea
1123 1941 1308 1982 confecta
1331 1949 1371 1982 et
1398 1957 1491 1982 con-

106 2010 250 2052 stituta
279 2010 345 2061 sit,
366 2020 460 2052 ante
483 2010 690 2067 judicium
711 2010 1048 2060 condemnamur,
1069 2008 1180 2050 domi
1213 2024 1377 2049 manere
1407 2024 1491 2050 ma-

105 2078 242 2129 limus,
264 2088 304 2119 et
333 2094 418 2120 rem
449 2093 612 2120 omnem
641 2080 734 2119 Deo
754 2078 1021 2127 committere,
1042 2092 1168 2132 quam
1198 2092 1246 2117 eo
1276 2076 1490 2132 proficisci,

110 2146 181 2187 ubi
222 2161 296 2187 nec
335 2146 471 2187 locum
507 2145 689 2187 habituri
728 2145 867 2195 simus,
908 2160 982 2185 nec
1023 2144 1251 2200 quidquam
1289 2143 1492 2199 possimus

108 2228 359 2270 promovere.
421 2215 576 2255 Verum
612 2222 792 2254 nostram
826 2212 1015 2268 injuriam
1053 2211 1255 2267 patienter
1284 2218 1325 2250 et
1355 2209 1492 2250 sedate

107 2282 214 2322 serre
243 2295 473 2338 possumus.
537 2281 619 2322 Sed
651 2295 725 2322 cur
757 2281 896 2336 Reges
917 2278 1171 2320 Christianos
1197 2286 1238 2318 et
1263 2277 1352 2333 pios
1374 2277 1492 2317 Prin-

110 2348 220 2404 cipes
245 2349 472 2390 excludunt
492 2364 516 2389 a
536 2363 726 2389 consessu
748 2350 852 2388 suo?
885 2348 974 2388 Cur
1003 2361 1070 2386 eos
1100 2345 1164 2385 vel
1193 2345 1251 2385 ita
1278 2344 1492 2385 inciviliter

111 2430 136 2455 a
166 2430 221 2465 se,
242 2415 307 2455 vel
334 2414 624 2455 contumeliose
654 2413 882 2464 dimittunt,
905 2422 952 2454 ut
971 2412 1087 2468 quasi
1117 2411 1300 2452 homines
1322 2410 1493 2452 Christi-

111 2482 177 2522 ani
199 2497 281 2522 non
303 2482 395 2531 sint,
417 2491 490 2523 aut
513 2482 701 2538 judicare
721 2497 802 2521 non
833 2480 1003 2537 possint,
1026 2479 1156 2520 nolint
1178 2494 1246 2519 eos
1266 2477 1493 2534 Religionis

113 2549 357 2590 Christianae
384 2563 546 2589 causam
571 2563 828 2604 cognoscere,
850 2556 890 2587 et
911 2546 1188 2587 Ecclesiarum
1216 2560 1383 2586 suarum
1415 2554 1493 2585 sta-

113 2625 203 2656 tum
238 2614 477 2671 intelligere,
509 2625 582 2655 aut
615 2614 646 2654 si
676 2613 958 2654 auctoritatem
994 2627 1109 2653 suam
1144 2612 1419 2668 interponant,
1453 2621 1493 2651 et

115 2682 279 2732 faciant,
317 2683 358 2723 id
398 2682 510 2737 quod
553 2689 740 2737 possunt,
772 2680 885 2735 quod
921 2680 1138 2736 jubentur,
1173 2680 1286 2735 quod
1327 2679 1491 2725 debent,

115 2748 311 2804 quodque
342 2758 381 2789 et
413 2748 617 2789 Davidem
648 2756 688 2788 et
723 2746 997 2795 Solomone-m,
1018 2755 1059 2787 et
1091 2746 1189 2787 alios
1218 2747 1346 2787 bonos
1378 2745 1494 2785 Prin-

766 2828 793 2854 N
813 2815 838 2853 2
