1799 3077
497 135 794 176 ANNALES
827 134 1109 175 PAULINI.
1416 135 1499 176 375

167 248 323 289 Paulus
349 248 560 306 profectus
585 248 627 289 in
656 248 946 290 Macedoniam
971 247 1086 304 apud
1109 247 1394 302 Philippenses
1415 262 1499 287 mo-
1523 252 1704 302 AErae'vulss-

107 326 238 366 ratur,
261 318 418 373 Philip.
441 316 465 357 i.
488 319 557 367 25,
581 316 647 358 26.
669 325 710 357 et
730 316 769 356 ii.
788 317 854 356 24.
1138 314 1141 315 ⁷
1564 293 1662 323 m.

164 385 373 441 Josephus
403 400 427 426 a
456 385 640 441 Poppaea
670 384 810 425 multis
840 384 1082 425 muneribus
1112 383 1290 423 donatus
1320 382 1427 423 redit
1457 382 1498 422 in
1546 379 1678 451 Nef‘l'flss

106 453 135 492 J
142 452 317 503 udaeam,
340 451 411 493 ubi
433 451 546 493 videt
566 451 703 492 omnia
725 452 802 492 sub
826 451 952 492 Floro
972 451 1025 492 ad
1046 450 1201 492 bellum
1223 449 1444 491 tendentia.
1634 443 1640 450 ’

165 519 323 561 Paulus
343 519 483 561 Scribit
502 519 678 576 primam
700 520 752 561 ad
776 519 1047 561 Timotheum
1070 518 1314 576 Epistolam.

165 588 324 629 Paulus
352 588 492 630 scribit
519 588 749 645 Epistolam
778 588 831 630 ad
855 588 1019 638 Titum,
1041 603 1137 629 cum
1165 602 1301 628 secum
1331 585 1500 627 haberet

107 658 309 698 Arteman
331 666 372 698 et
395 656 648 714 Tychicum.

165 725 377 783 Chrysost.
407 725 449 766 in
479 726 654 766 Prooem.
687 729 850 766 Δοκοῡσι
872 725 908 765 δέ
927 742 988 777 μοι
1009 724 1133 779 χρόνοι
1154 724 1241 764 εἶναι
1263 723 1370 776 μέσοι
1390 724 1496 773 τινὲς,

106 793 168 833 καὶ
198 795 232 833 ἐν
258 792 362 848 ἀδείᾳ
390 796 546 840 Παῦλος
574 790 620 833 ὢν
649 793 783 848 γράφει
814 796 952 842 ταῦτα,
976 792 1071 832 οὐδὲν
1091 794 1167 845 γὰρ
1189 791 1267 844 περὶ
1288 785 1498 844 πέιρασμῶν

104 872 201 913 φησι.
264 863 397 911 Quam
427 860 548 901 ἄδειαν
575 859 921 916 Theophylactus
948 860 1070 900 etiam
1100 858 1297 915 agnoscit,
1319 858 1499 913 indeque

104 927 261 984 colligit
290 928 395 970 hanc
422 927 655 984 Epistolam
688 927 879 984 scriptam
910 943 995 968 esse
1022 937 1116 968 ante
1142 926 1253 967 illam
1281 925 1334 966 ad
1356 927 1396 966 T
1400 924 1500 966 imo-

105 995 263 1046 theum,
287 1012 433 1053 nempe
455 996 689 1038 secundam.

162 1064 322 1105 Paulus
349 1064 518 1121 hyemat
540 1064 731 1121 Nicopoli
759 1064 799 1104 in
830 1064 976 1120 Epiro,
999 1079 1079 1104 non
1102 1063 1143 1103 in
1167 1061 1427 1110 Macedonia,
1452 1072 1498 1102 ut
1591 1076 1635 1097 12-

104 1132 363 1189 subscriptio,
396 1142 467 1174 aut
498 1133 540 1173 in
574 1132 771 1183 Thracia,
804 1141 851 1173 ut
883 1132 1204 1189 Chrysostomus
1234 1139 1275 1171 et
1303 1130 1499 1170 Theodo-

103 1211 229 1251 retus,
250 1201 364 1257 quod
385 1210 494 1242 recte
513 1200 746 1242 observavit
768 1202 1016 1250 Doronaeus,
1038 1216 1079 1256 p.
1094 1202 1190 1241 544.
1214 1214 1338 1255 quem
1362 1208 1498 1240 tamen

104 1269 236 1325 rejicit
263 1270 373 1310 Hen.
399 1269 576 1311 Savilius
598 1269 734 1310 minus
760 1278 870 1310 recte
895 1268 1118 1310 assentiens
1139 1268 1437 1324 Chrysostomo
1458 1276 1498 1307 et

105 1337 386 1388 Theodoreto,
416 1339 564 1394 Utpote
592 1339 641 1379 de
667 1353 712 1379 re
740 1339 819 1379 Sibi
846 1344 1068 1393 comperta,
1091 1343 1130 1378 et
1155 1338 1256 1378 urbe
1282 1337 1422 1377 vicina
1443 1336 1498 1375 lo-

100 1406 348 1461 quentibus:
390 1407 453 1447 At
491 1405 815 1462 Chrysostomus
851 1421 918 1446 eas
954 1404 1160 1446 Homilias
1194 1403 1341 1444 habuit
1376 1402 1500 1442 Anti-

102 1474 245 1525 ochiae,
277 1490 372 1530 quae
403 1474 524 1531 longe
552 1489 576 1515 a
605 1474 788 1516 Thracia
817 1474 959 1515 dissita
989 1483 1064 1523 est,
1094 1488 1176 1514 non
1208 1470 1498 1514 Constantino-

102 1541 201 1598 poli,
224 1552 272 1583 ut
292 1552 401 1584 recte
421 1543 656 1584 observavit
678 1542 884 1584 Halesius.

162 1610 321 1651 Paulus
341 1610 533 1667 Nicopoli
555 1611 660 1668 petit
683 1611 945 1652 Corinthum.
1553 1623 1669 1652 val.

161 1679 220 1719 Et
246 1694 342 1720 cum
371 1679 574 1721 Corintho
604 1679 790 1730 decessit,
819 1679 875 1720 ibi
904 1677 1071 1734 reliquit
1093 1679 1306 1726 Erastum,
1331 1679 1358 1717 2
1385 1677 1494 1717 Tim.
1544 1710 1678 1740 Neronis

100 1746 152 1786 iv.
171 1749 238 1788 20.
288 1748 354 1789 Sic
375 1748 482 1789 enim
504 1747 561 1789 ibi
582 1757 720 1789 monet
743 1746 1321 1788 Timotheum—-Erastus
1341 1746 1496 1785 mam-«it
1588 1762 1635 1783 12.

105 1815 310 1856 Corinthi.
363 1817 467 1866 Quae
489 1815 660 1857 monitio
680 1815 800 1857 scribi
823 1830 903 1856 non
925 1814 1060 1871 potuit
1081 1814 1133 1854 ad
1158 1813 1428 1854 Timotheum
1452 1813 1492 1853 in

103 1882 309 1939 prioribus
331 1884 526 1925 vinculis:
559 1900 758 1940 quorsum
787 1883 893 1925 enim
923 1898 1018 1923 eum
1048 1891 1147 1923 tunc
1169 1890 1368 1931 moneret,
1391 1883 1496 1922 Era-

102 1960 210 1992 stum
243 1953 434 1994 Corinthi
466 1953 674 2002 mansisse,
703 1953 775 2008 qui
807 1968 900 1993 cum
933 1952 1022 2007 ipso
1050 1951 1183 1992 Paulo
1213 1950 1293 1990 fuit
1319 1966 1367 1990 eo
1397 1960 1496 1991 tem-

101 2036 214 2075 pore,
236 2037 321 2077 quo
344 2021 534 2063 Corinthi
556 2021 750 2062 mansisse
772 2023 949 2061 Erastus
970 2019 1318 2076 praesupponitur.

161 2090 212 2129 In
249 2089 403 2131 Judaea
439 2090 603 2131 Bellum
644 2089 768 2146 coepit
805 2105 914 2130 anno
952 2088 1130 2129 Neronis
1166 2102 1245 2128 x11.
1290 2086 1403 2127 Flori
1446 2102 1492 2127 11.

102 2171 239 2197 mense
261 2157 391 2198 Maio.

158 2226 272 2265 Nero
293 2225 563 2281 proficiscitur
584 2227 625 2266 in
646 2226 864 2267 Achaiam.

159 2292 381 2334 Exercitus
404 2294 530 2335 Cestii
551 2294 592 2334 in
614 2294 768 2335 Judaea
790 2293 992 2334 funditur.
1589 2310 1634 2339 13-

161 2361 318 2402 Paulus
348 2362 459 2403 venit
491 2362 717 2412 Troadem,
752 2362 823 2403 ubi
854 2361 1021 2417 reliquit
1056 2361 1266 2417 penulam,
1299 2359 1425 2400 libros
1455 2369 1494 2400 ct

100 2429 359 2471 membranas
385 2430 498 2486 apud
522 2432 722 2486 Carpum,
745 2431 865 2486 cujus
893 2429 990 2471 alibi
1019 2429 1172 2470 mentio
1199 2444 1280 2469 non
1302 2429 1361 2469 fit.
1425 2429 1495 2468 In-

101 2508 243 2554 eptum
267 2507 404 2539 autem
428 2508 489 2539 est
509 2498 573 2539 vel
595 2499 774 2555 cogitare
796 2499 978 2539 Paulum
998 2498 1087 2539 haec
1107 2507 1228 2538 antea
1245 2496 1414 2537 Troade
1435 2512 1495 2537 re-

100 2565 280 2622 liquisse,
303 2581 397 2606 cum
425 2576 487 2607 tot
518 2581 655 2607 secum
677 2566 848 2607 haberet
868 2565 1050 2615 comites,
1073 2573 1112 2605 et
1133 2564 1323 2605 collectas
1345 2564 1494 2605 Hiero-

101 2633 258 2690 solyma
277 2634 555 2690 perferendas,
578 2643 619 2675 et
639 2649 784 2675 navem
808 2633 964 2689 ubique
984 2632 1243 2674 conduceret.

159 2702 317 2743 Paulus
337 2703 449 2744 venit
471 2702 684 2751 Miletum,
708 2702 779 2742 ubi
801 2701 968 2757 reliquit
990 2700 1271 2757 Trophimum
1294 2710 1495 2756 aegrotan-

102 2779 198 2819 tem,
222 2781 268 2811 ut
295 2780 434 2812 monet
457 2770 744 2820 Timotheum,
769 2772 795 2809 2
822 2771 931 2810 Tim.
956 2768 1009 2809 iv.
1032 2771 1097 2809 20.
1161 2768 1285 2819 Quod
1312 2779 1493 2825 spectare

732 2853 755 2878 B
778 2838 804 2877 b
828 2839 853 2877 4
