1799 3077
459 138 692 182 NOELLI
726 140 1196 182 CATECHISMUS.
1442 147 1526 186 255

128 255 218 296 luat
238 254 372 296 etiam.
437 256 547 297 Cum
570 254 738 296 Christo
764 262 905 295 autem
926 253 1045 310 quasi
1073 268 1284 310 sponsore,
1306 269 1382 311 pro
1412 257 1529 298 nobis

129 323 185 364 sic
214 339 348 380 passo,
372 324 490 364 Deus
520 338 683 364 summo
713 322 832 378 quasi
856 323 953 379 jure
983 321 1093 378 egit3
1125 321 1167 362 in
1198 337 1273 362 nos
1293 337 1405 372 vero,
1427 339 1530 378 quo-

128 407 223 433 rum
254 401 435 449 peccata,
457 391 604 432 merita
633 390 850 448 supplicia,
882 406 1110 447 poenasque
1142 389 1302 431 debitas
1332 390 1374 431 in
1409 391 1530 433 Chri-

130 469 241 502 stum
273 460 498 510 transtulit,
531 459 713 510 lenitate,
745 458 1076 509 mansuetudine,
1109 458 1340 509 clementia,
1377 459 1531 501 miseri-

129 528 270 569 cordia
292 527 490 585 singulari
511 543 612 569 usus
634 537 706 569 est.
750 528 943 570 Christus
964 543 1063 584 ergo
1083 536 1273 578 mortem,
1291 543 1387 583 quae
1408 543 1532 584 poena

130 595 347 636 hominum
379 595 519 636 sceleri
545 612 569 636 a
589 597 683 636 Deo
713 595 936 637 immortali
966 605 1053 637 erat
1083 595 1321 646 constituta,
1343 595 1529 651 pertulit,

130 679 177 705 ac
198 663 445 720 perferendo
465 664 574 705 vicit.
640 663 720 705 Sed
753 675 794 706 et
823 674 955 705 morte
980 680 1055 705 sua
1075 664 1231 706 victum
1253 674 1293 705 et
1314 664 1531 705 subactum

130 730 270 787 fregit,
298 746 344 772 ac
375 731 538 772 domuit
568 730 700 782 illum,
723 731 797 787 qui
826 731 969 773 mortis
1000 732 1167 774 tenebat
1196 732 1431 789 imperium,
1454 732 1532 773 bid

131 808 208 850 est,
231 799 458 850 diabolum,
481 815 506 840 a
525 800 646 855 cujus
675 815 749 841 nos
777 799 997 856 tyrannide
1027 810 1154 857 atque
1185 801 1382 842 servitute
1412 800 1455 841 in
1485 800 1533 841 li-

130 867 335 908 bertatem
355 867 592 908 vindicavit.

193 938 255 976 M.
291 937 447 976 Verum
463 951 595 992 quum
617 951 690 977 nos
706 945 853 986 morte,
875 952 971 992 quae
992 935 1178 992 quotidie
1198 936 1385 978 imminet
1405 946 1533 993 atque

131 1004 359 1061 impendet,
382 1004 511 1044 nihilo
531 1004 669 1045 minus
690 1004 953 1055 mulctemur,
976 1013 1017 1045 et
1047 1005 1204 1060 peccati
1230 1005 1359 1046 nostri
1388 1021 1533 1062 poenas

132 1072 302 1123 luimus,
325 1087 451 1128 quem
474 1072 641 1113 tandem
663 1087 715 1112 ex
735 1072 813 1113 hac
833 1072 1005 1113 victoria
1024 1072 1209 1113 fructum
1230 1074 1512 1130 percipimus?

192 1143 248 1182 A.
282 1140 601 1197 Amplissimum
625 1141 823 1197 profecto.
876 1141 986 1181 Nam
1008 1150 1140 1182 morte
1162 1141 1318 1183 Christi
1339 1143 1532 1184 effectum

133 1218 209 1259 est,
232 1218 280 1250 ut
309 1224 420 1250 mors
439 1208 664 1250 cfidelibus
688 1209 776 1265 jam
807 1224 890 1250 non
922 1209 974 1250 sit
1006 1208 1212 1260 interitus,
1235 1210 1305 1251 sed
1338 1211 1531 1266 quaedam

132 1277 251 1333 quasi
273 1277 464 1333 migratio
486 1277 838 1333 commutatioque
860 1277 970 1328 vitae,
992 1277 1211 1334 brevisque
1237 1278 1340 1319 adeo
1361 1289 1402 1320 et
1422 1289 1533 1320 certa

133 1346 176 1387 in
201 1345 352 1387 coelum
383 1345 649 1395 transmissio,
672 1361 756 1402 quo
787 1346 936 1387 ducem
963 1355 1153 1387 nostrum
1180 1346 1385 1403 intrepide
1415 1348 1532 1404 sequi

135 1407 366 1463 debemus}
395 1414 467 1470 qui
500 1414 619 1456 sicuti
649 1424 781 1455 morte
811 1430 894 1456 non
925 1414 1094 1465 interiit,
1116 1414 1175 1455 ita
1202 1429 1276 1456 nec
1305 1416 1438 1472 perire
1457 1432 1532 1458 nos

134 1483 327 1540 patietur.
390 1483 593 1534 Quocirca
623 1483 679 1539 pii
699 1483 719 1511 d
733 1483 876 1524 mortis
900 1492 1030 1534 metu,
1053 1499 1148 1538 quae
1175 1482 1380 1533 laborum,
1403 1484 1532 1526 solici-

135 1550 345 1601 tudinum,
377 1560 504 1606 atque
541 1550 744 1591 malorum
784 1551 912 1607 hujus
943 1551 1039 1592 vitae
1072 1551 1257 1592 omnium
1291 1553 1532 1609 perfugium

133 1619 213 1659 illis
233 1628 274 1660 et
295 1619 383 1660 dux
404 1619 446 1659 in
468 1618 620 1659 coelum
642 1619 707 1671 sit,
730 1619 1017 1660 exhorrescere
1035 1620 1123 1676 jam
1145 1619 1338 1676 amplius,
1359 1631 1432 1662 aut
1454 1631 1532 1663 tre-

135 1686 280 1743 pidare
300 1702 382 1727 non
407 1686 568 1728 debent.

197 1755 260 1794 M.
294 1754 472 1811 Ecquod
503 1753 617 1794 aliud
643 1754 906 1795 commodum
929 1753 1046 1795 nobis
1066 1770 1117 1795 ex
1141 1754 1297 1796 Christi
1318 1764 1449 1796 morte
1469 1770 1533 1796 ac-

136 1822 243 1864 cedit
261 1824 277 1862 ?

194 1893 249 1932 A.
283 1891 366 1942 Qui
388 1891 511 1932 unius
531 1906 627 1932 cum
651 1891 819 1933 Christo
847 1906 922 1947 per
944 1891 1092 1932 Fidem
1120 1900 1218 1933 sunt
1243 1891 1439 1948 corporis,
1461 1892 1532 1933 ein

137 1959 201 2000 his
230 1959 347 2016 pravi
378 1960 550 2002 affectus
579 1969 619 2002 et
649 1960 860 2017 appetitus
892 1959 1042 2011 vitiosi,
1065 1976 1170 2016 quos
1203 1960 1350 2002 Carnis
1385 1975 1533 2001 concu-

138 2028 356 2085 piseentias
377 2044 586 2080 vocamus,
609 2028 727 2085 quasi
758 2044 842 2070 una
861 2043 956 2070 cum
977 2044 1026 2070 eo
1051 2028 1094 2069 in
1115 2043 1279 2070 crucem
1307 2028 1402 2079 acti,
1424 2043 1533 2068 emo-

137 2095 317 2146 riuntur,
339 2111 391 2137 ne
412 2096 590 2153 amplius
610 2096 651 2137 in
673 2096 819 2138 animis
839 2096 988 2137 nostris
1008 2096 1285 2137 dominentur.

199 2165 263 2205 M.
296 2165 514 2206 Romanus
535 2165 694 2206 Praeses
716 2165 793 2206 sub
815 2181 900 2221 quo
929 2180 1074 2221 passus
1104 2172 1179 2214 est,
1196 2179 1270 2205 cur
1291 2163 1441 2204 diserte
1461 2178 1533 2203 no-

140 2232 321 2273 minatur
335 2234 351 2273 Ρ

199 2301 254 2341 Α.
289 2299 491 2350 Primum,
515 2315 784 2356 personarum
816 2289 1119 2356 et'temporum
1152 2297 1381 2355 designatio
1409 2296 1534 2338 rebus

140 2367 263 2408 fidem
287 2367 457 2415 tribuit;
492 2368 656 2420 deinde,
677 2368 890 2410 Christum
913 2384 1001 2417 su0,
1024 2377 1150 2424 atque
1170 2383 1195 2409 a
1215 2368 1309 2408 Deo
1327 2364 1533 2421 assignato

140 2446 182 2476 et
202 2436 426 2477 constituto
447 2446 646 2493 tempore,
669 2446 860 2478 naturam
888 2444 1068 2477 nostram
1102 2435 1339 2491 suscepisse,
1360 2449 1406 2474 ac
1426 2448 1534 2473 mor-

142 2513 223 2544 tem
246 2504 481 2560 oppetiisse,
504 2520 568 2546 res
588 2505 677 2561 ipsa
707 2505 884 2553 indicat3
920 2504 1075 2560 fquum
1105 2513 1314 2560 sceptrum
1344 2499 1534 2542 videlicet

185 2625 200 2646 b
225 2626 296 2657 Act.
314 2637 345 2657 x.
361 2627 414 2665 38.
438 2628 544 2658 Colos.
560 2627 581 2657 i.
600 2637 648 2666 13·
672 2628 755 2659 Heb.
773 2627 807 2657 ii.
828 2637 876 2665 ¹4·
988 2633 1000 2647 ⁰
1023 2628 1102 2657 Luc.
1120 2627 1212 2657 xxiii.
1228 2636 1281 2666 43.
1306 2627 1401 2658 Joan.
1417 2627 1461 2658 xi.
1482 2635 1533 2667 25,

143 2679 195 2711 26.
298 2680 312 2701 ⁸¹
335 2682 432 2711 Joan.
448 2681 493 2712 xi.
510 2691 558 2712 11.
586 2691 598 2712 1
619 2681 694 2712 Cor.
710 2691 764 2712 xv.
785 2681 833 2712 18.
863 2691 874 2711 1
894 2682 991 2712 Thes.
1009 2682 1051 2712 iv.
1072 2691 1123 2720 13,
1143 2690 1192 2720 14.
1302 2687 1314 2702 ⁸
1330 2682 1426 2712 Rom.
1442 2682 1484 2712 vi.
1500 2690 1534 2719 4,

144 2741 176 2773 7,
196 2744 246 2772 11,
268 2744 318 2771 12,
340 2745 389 2774 ¹3›
410 2744 461 2767 22.
486 2736 553 2766 viii.
575 2746 604 2772 1,
623 2745 653 2775 2,
668 2745 701 2775 3,
724 2746 773 2773 ιο,
793 2746 842 2774 11,
866 2745 913 2775 ¹3·
938 2736 1045 2767 Colos.
1065 2736 1099 2767 ii.
1120 2745 1168 2775 13·
1258 2735 1270 2756 s
1290 2736 1371 2767 Gen.
1390 2735 1467 2766 xlix.
1486 2745 1534 2766 10.

146 2788 230 2819 Dan.
247 2789 290 2820 ix.
308 2798 356 2828 25.
