1799 3077
86 590 247 621 Definitio.

300 132 386 174 206
639 131 875 173 NOELLI
911 130 1376 173 CATECHISMUS.

358 247 413 287 A.
448 245 501 286 Id
520 245 714 301 equidem
742 260 933 301 agnosco,
955 253 1081 300 atque
1101 244 1311 300 cingenue
1341 252 1382 285 et
1411 243 1539 285 libere
1568 245 1695 301 profi-

301 326 413 363 teor3
447 314 548 370 quin
583 323 624 355 et
663 313 866 354 universae
899 313 919 341 d
934 312 1156 354 foelicitatis
1190 328 1293 354 meae
1328 328 1531 354 summam
1567 314 1609 354 in
1645 330 1694 355 eo

300 399 424 440 pono,
449 392 646 439 tanquam
667 381 710 421 in
731 396 894 422 summo
914 381 1090 422 hominis
1110 381 1233 431 bono,
1257 390 1305 422 ut
1330 381 1415 422 sine
1442 397 1527 438 quo
1557 382 1696 423 eondi-

302 450 360 491 tio
380 458 533 501 nostra,
556 464 683 505 quam
704 448 947 505 quorumvis
966 448 1186 489 brutorum
1207 448 1340 489 multo
1360 459 1464 490 esset
1479 449 1697 491 infoelicior

303 518 458 558 futura.

362 589 426 628 M.
460 586 684 642 Religionis
715 601 814 641 ergo
843 594 968 640 atque
999 584 1163 640 pietatis
1195 585 1456 636 Christianae,
1487 586 1607 642 cujus
1637 596 1698 628 est

303 655 592 712 gravissimum
614 654 998 709 sanctissimumque
1019 668 1183 704 nomen,
1206 653 1289 694 vim
1311 663 1352 695 et
1378 663 1569 696 naturam
1596 655 1699 696 mihi

304 723 540 765 definitione
562 722 701 778 aliqua
720 722 900 763 breviter
921 721 1117 777 explicari
1138 721 1272 763 velim.

362 794 417 832 A.
451 790 616 846 Religio
638 790 886 840 Christiana,
909 799 969 831 est
987 798 1003 818 e
1017 805 1138 831 verus
1167 790 1345 847 piusque
1373 791 1455 832 Dei
1484 790 1635 842 cultus,
1658 799 1700 832 et

305 859 536 901 observatio
555 868 859 914 praeceptorum
880 858 999 899 illius.

364 930 428 970 M.
462 927 589 968 Unde
610 943 700 968 eam
722 927 959 968 discendam
981 942 1067 967 esse
1087 929 1240 982 putas?

365 999 420 1037 A.
458 997 557 1037 Non
591 995 758 1036 aliunde
793 995 994 1051 profecto,
1026 1010 1153 1050 quam
1188 1010 1239 1035 ex
1273 994 1427 1036 coelesti
1462 995 1544 1036 Dei
1573 994 1702 1051 ipsius

308 1065 474 1115 fverb0‚
496 1063 610 1120 quod
632 1063 750 1104 nobis
772 1063 894 1105 sacris
914 1062 1043 1104 literis
1065 1062 1317 1120 descriptum
1340 1063 1523 1104 tradidit.

368 1134 433 1173 M.
466 1134 668 1182 Quaenam
691 1142 788 1173 sunt
808 1147 856 1173 ea
876 1131 1040 1188 scripta,
1062 1147 1158 1187 quae
1179 1131 1352 1172 verbum
1383 1131 1480 1182 Dei,
1501 1139 1542 1173 et
1572 1146 1704 1173 sacras

310 1200 447 1242 literas
467 1215 682 1256 nuncupas
696 1205 714 1241 P

370 1270 426 1310 A.
455 1270 552 1310 Non
573 1269 665 1320 alia,
683 1284 807 1325 quam
826 1284 920 1324 quae
936 1283 1010 1324 per
1023 1277 1042 1306 g
1056 1270 1206 1309 Mosen
1225 1276 1266 1309 et
1282 1267 1514 1323 Prophetas
1529 1276 1703 1319 sanctOS‚

312 1338 393 1378 Dei
412 1338 558 1394 optimi
573 1337 741 1378 maximi
755 1337 920 1386 amicos,
935 1336 1064 1377 divini
1083 1336 1262 1392 Spiritus
1277 1336 1488 1386 instinctu,
1506 1336 1548 1376 in
1565 1336 1705 1377 Veteri

314 1408 584 1447 Testamento
613 1405 809 1462 primum,
838 1404 988 1445 deinde
1018 1404 1165 1445 clarius
1195 1404 1237 1445 in
1268 1406 1390 1445 Novo
1419 1406 1703 1455 Testamento,

313 1491 387 1532 per
408 1475 429 1504 h
445 1475 675 1516 Dominum
696 1483 884 1515 nostrum
901 1475 929 1513 J
934 1488 1049 1514 esum
1067 1473 1277 1514 Christum
1296 1473 1375 1513 Dei
1394 1472 1562 1523 Filium,
1581 1483 1706 1529 atque

316 1553 475 1585 sanctos
496 1544 585 1599 ejus
607 1542 856 1599 iApostolos
876 1541 1044 1582 numine
1066 1541 1148 1581 Dei
1168 1541 1326 1582 afflatos
1352 1541 1565 1597 divulgata
1595 1550 1706 1593 sunt,

316 1623 358 1653 et
377 1612 431 1653 ad
459 1621 639 1652 nostram
669 1627 802 1667 usque
832 1619 994 1652 aetatem
1026 1610 1187 1665 integra
1207 1609 1479 1651 kconservata
1507 1618 1633 1666 atque
1662 1609 1710 1650 il-

317 1681 424 1721 laesa.

377 1749 443 1789 M.
477 1749 565 1789 Cur
585 1748 761 1788 verbum
782 1761 904 1787 suum
926 1748 1043 1787 Deus
1063 1746 1121 1787 ita
1140 1746 1257 1787 nobis
1287 1746 1510 1802 Scripturis
1540 1746 1710 1788 manife-

320 1826 426 1858 stare
447 1815 608 1856 voluit?

378 1887 435 1926 A.
474 1883 680 1934 Quoniam
716 1882 796 1923 Dei
832 1881 977 1938 optimi
1012 1881 1180 1922 maximi
1211 1881 1481 1932 voluntatem,
1513 1882 1556 1922 in
1591 1882 1711 1939 cujus

320 1952 578 2009 lcognitione
598 1960 724 2007 atque
744 1966 842 2006 erga
862 1965 958 1991 eum
979 1949 1225 1999 obedientia,
1246 1964 1343 1990 vera
1368 1949 1500 2006 pietas
1529 1949 1605 1991 sita
1634 1959 1709 2001 est,

323 2022 400 2078 ipsi
420 2037 470 2062 ex
492 2019 623 2069 nobis,
645 2034 740 2075 quae
760 2018 946 2059 cordium
968 2026 1202 2058 nostrorum
1224 2026 1320 2058 sunt
1336 2026 1369 2045 m
1384 2018 1577 2068 tenebrae,
1595 2017 1713 2058 intel-

325 2090 450 2145 ligere
467 2102 549 2128 non
570 2101 815 2142 possumus3
849 2085 1040 2126 misertus
1062 2084 1188 2125 nostri
1212 2085 1330 2125 Deus
1351 2100 1440 2125 eam
1467 2085 1585 2126 nobis
1607 2094 1626 2113 ¹¹
1641 2101 1712 2141 pa-

327 2158 478 2209 tefecit,
494 2165 620 2211 atque
640 2153 874 2204 illustravit,
891 2153 1220 2208 illustratamque
1240 2152 1282 2193 in
1303 2152 1520 2209 utriusque
1540 2162 1558 2180 0
1571 2154 1609 2194 T
1611 2162 1713 2194 esta-

327 2225 453 2267 menti
472 2222 695 2273 volumine,
717 2238 812 2278 quae
846 2223 980 2263 Sacrae
1001 2230 1020 2259 P
1036 2220 1260 2276 Scripturae
1290 2220 1499 2272 dicuntur,
1521 2220 1712 2277 reliquit;

372 2367 383 2378 ¹·
404 2360 497 2390 Rom.
515 2369 545 2388 x.
563 2367 595 2398 9,
618 2366 667 2386 10.
767 2355 781 2375 ⁴¹
798 2356 881 2385 l’sal.
895 2356 915 2386 i.
933 2360 965 2385 et
981 2354 1095 2385 xxxiii.
1115 2363 1163 2384 12.
1187 2355 1283 2384 Joan.
1301 2354 1346 2384 iii.
1369 2354 1420 2391 18,
1435 2353 1488 2393 36.
1586 2360 1598 2374 e
1615 2355 1713 2385 Deut.

330 2413 371 2442 iv.
392 2422 420 2450 1,
440 2421 467 2442 2.
484 2417 516 2442 et
532 2422 562 2441 x.
584 2420 631 2441 12.
655 2410 739 2440 Psal.
757 2409 842 2440 cxix.
858 2417 889 2446 4.
914 2409 995 2439 Mat.
1012 2408 1053 2438 iv.
1076 2419 1125 2438 10.
1147 2409 1244 2438 Joau.
1261 2409 1303 2438 iv.
1321 2416 1371 2445 24.
1477 2406 1584 2437 ‘'Psal.
1600 2408 1620 2438 i.
1639 2417 1667 2438 2.
1685 2412 1718 2439 et

331 2466 455 2496 lxxviii.
477 2475 502 2496 1.
520 2470 552 2496 et
572 2464 657 2495 cxix.
674 2467 752 2494 toto.
782 2463 878 2492 Joan.
894 2474 922 2493 v.
938 2472 990 2502 39.
1018 2472 1034 2492 2
1050 2463 1136 2492 Tim.
1152 2462 1196 2492 iii.
1215 2470 1263 2501 15.
1395 2468 1408 2487 g
1425 2462 1527 2492 Exod.
1544 2462 1646 2492 xxxii.
1666 2469 1718 2502 15,

338 2518 383 2549 16.
409 2520 506 2548 Deut.
522 2518 563 2548 iv.
585 2528 611 2548 1.
634 2517 712 2547 Luc.
731 2517 796 2546 xvi.
816 2525 867 2556 29,
885 2526 938 2555 3¹·
952 2521 984 2547 et
1001 2516 1086 2546 xxiv.
1106 2523 1158 2555 27,
1176 2524 1228 2553 44.
1255 2524 1270 2544 2
1289 2515 1356 2545 Pet.
1372 2514 1393 2544 i.
1413 2523 1463 2545 20.
1588 2514 1602 2534 ¹¹
1618 2514 1716 2544 Joan.

335 2573 355 2602 i.
374 2582 405 2611 5,
423 2582 452 2609 τ).
469 2577 500 2602 et
515 2572 582 2602 viii.
604 2580 652 2601 12.
676 2571 759 2601 Heb.
774 2570 794 2600 i.
818 2580 843 2607 1,
864 2579 891 2600 2.
1013 2569 1115 2600 ¹‘Mat.
1132 2569 1242 2599 xxviii.
1262 2578 1312 2600 20.
1334 2569 1430 2598 Joan.
1447 2579 1502 2598 xx.
1520 2577 1569 2599 22.
1593 2569 1664 2598 Act.
1683 2568 1719 2599 ii.

337 2635 366 2663 4.
393 2625 472 2663 Eph.
490 2626 535 2655 iii.
556 2635 586 2662 2,
604 2633 634 2664 5.
743 2624 758 2644 k
776 2625 849 2654 Esa.
865 2624 910 2654 xl.
927 2624 958 2653 8.
983 2624 1064 2654 Mat.
1082 2634 1111 2654 ν.
1133 2623 1179 2653 18.
1205 2623 1284 2653 Luc.
1303 2623 1368 2652 xvi.
1387 2630 1434 2662 17.
1538 2621 1544 2641 ¹
1563 2622 1644 2652 Mat.
1663 2622 1718 2652 vii.

339 2688 389 2708 21.
408 2683 440 2708 et
457 2679 511 2707 xii.
529 2687 579 2718 50.
628 2679 711 2709 Heb.
728 2689 758 2709 x.
775 2677 829 2716 36.
857 2688 868 2707 1
888 2678 986 2707 Joan.
1001 2678 1032 2708 ii.
1054 2685 1101 2718 17.
1233 2684 1255 2697 ¹¹¹
1271 2678 1366 2707 Joan.
1385 2677 1406 2706 i.
1424 2683 1454 2715 5.
1502 2685 1514 2705 1
1535 2676 1608 2705 Cor.
1625 2676 1646 2705 i.
1666 2685 1718 2707 21.

338 2731 420 2769 Eph.
434 2731 475 2760 iv.
497 2738 548 2770 17.
569 2732 616 2761 18.
823 2736 837 2750 ¹¹
854 2731 982 2769 Sapien.
999 2730 1044 2761 ix.
1065 2729 1115 2768 16,
1136 2737 1185 2770 17.
1229 2731 1301 2760 Act.
1316 2729 1404 2760 xxvi.
1424 2729 1472 2759 18.
1524 2739 1535 2759 1
1556 2729 1621 2759 Pet.
1636 2729 1668 2758 ii.
1686 2737 1719 2769 9.

341 2792 354 2803 ⁰
369 2785 440 2815 Gal.
457 2785 498 2814 iv.
518 2794 566 2822 24.
615 2785 696 2815 ch.
711 2785 776 2814 viii.
794 2783 822 2813 6.
838 2789 869 2814 et
886 2785 929 2814 ix.
950 2792 998 2823 15.
1129 2791 1143 2809 ν
1167 2785 1245 2814 Mat.
1266 2783 1352 2813 xxvi.
1368 2782 1420 2822 56.
1468 2792 1484 2813 2
1500 2783 1585 2813 Tim.
1601 2783 1643 2814 iii.
1668 2781 1716 2813 16.
