1799 3077
274 133 357 174 5306
594 131 826 173 NOELLI
861 131 1328 172 CATECHISMUS.

275 258 357 297 tur,
379 246 450 303 qui
482 246 531 286 ad
565 245 876 301 ignoscendum,
899 253 939 285 et
963 244 1015 284 ad
1036 243 1277 284 offensiones
1296 243 1561 300 deponendas
1587 243 1660 283 inl-

274 314 493 372 placabiles
513 329 612 363 sese,
629 311 980 369 inexpiabilesque
999 311 1087 352 aliis
1106 311 1322 367 praebent?

335 385 389 423 A.
423 381 577 423 Nullus
610 380 801 427 omninoz,
847 379 888 420 id
925 379 1038 435 quod
1070 395 1165 420 cum
1204 379 1315 419 faliis
1355 378 1496 419 multis
1537 394 1661 420 sacrae

279 450 502 506 Scripturae
533 449 630 490 locis
655 457 849 489 testatum
880 458 941 487 est
969 456 1095 503 atque
1125 447 1404 497 manifestum,
1427 455 1516 487 tum
1546 462 1664 502 para-

277 519 371 560 bola
391 518 460 559 illa
480 515 732 572 Evangelica
762 515 814 555 de
845 530 975 563 servo,
998 514 1070 570 qui
1100 530 1195 555 cum
1218 514 1400 555 Domino
1430 530 1504 556 suo
1530 514 1663 556 decies

277 586 388 627 mille
417 585 570 627 talenta
602 583 783 632 deberet,
818 582 906 638 ipse
935 581 1097 623 interim
1128 597 1323 623 conservo
1355 581 1545 632 debitori,
1571 598 1664 623 cen-

278 666 367 696 tum
389 669 493 709 quos
512 652 570 692 illi
591 651 821 692 crediderat
841 649 1043 700 denarios,
1065 649 1297 690 condonare
1323 649 1540 700 recusavit,
1561 665 1665 705 prae-

278 722 385 763 clare
406 737 479 761 nos
504 720 723 765 admonet3
752 718 835 758 gad
864 717 1035 759 eandem
1067 717 1175 758 enim
1207 716 1432 758 severitatis
1462 716 1663 772 regulam,

279 801 403 845 atque
422 788 531 829 idem
553 786 804 842 exemplum,
820 785 1026 841 judicium
1059 785 1143 826 sine
1173 784 1449 825 misericordia
1477 784 1518 824 in
1546 784 1662 825 illum

279 857 565 905 constituetur,
582 854 655 910 qui
675 853 727 894 ad
748 853 955 894 lenitatem
973 863 1099 909 atque
1114 852 1432 894 misericordiam
1449 867 1546 908 erga
1566 851 1666 893 alios

279 934 458 966 mentem
480 938 595 963 suam
616 937 807 962 revocare
826 920 965 962 nescit.

339 993 402 1032 M.
435 991 604 1032 Litesne
634 990 675 1030 in
702 989 806 1039 foro,
829 988 880 1030 de
902 988 998 1044 jure
1027 997 1068 1029 et
1098 988 1262 1044 injuria,
1287 988 1351 1029 hic
1381 988 1567 1029 damnari
1596 1004 1666 1030 ex-

280 1060 464 1101 istimas?

338 1130 392 1168 A.
437 1127 642 1168 Animum
675 1125 912 1166 hvindicem
943 1135 1069 1181 atque
1099 1125 1274 1165 ultorem
1305 1123 1548 1180 injuriarum
1579 1139 1667 1165 ver-

279 1197 380 1237 bum
418 1194 498 1235 Dei
531 1203 639 1234 certe
674 1192 944 1239 condemnat;
992 1191 1155 1232 videant
1186 1207 1285 1247 ergo
1314 1191 1552 1247 litigatores,
1584 1206 1668 1247 qua

279 1273 415 1303 mente
434 1262 546 1302 litem
566 1260 760 1316 cuiquam
781 1259 1009 1301 intendant.
1070 1258 1230 1314 iLeges
1250 1269 1385 1300 tamen
1408 1268 1448 1300 et
1469 1258 1667 1300 Instituta

272 1331 381 1387 juris
411 1328 592 1385 publici3
626 1337 666 1368 et
687 1327 850 1368 illorum
871 1342 971 1367 usus
1000 1326 1222 1382 legitimus,
1245 1326 1287 1367 id
1318 1338 1393 1377 est,
1415 1327 1467 1368 ad
1492 1327 1666 1383 justitiae

278 1409 320 1441 et
335 1397 543 1440 charitatis
562 1411 747 1437 normam
768 1395 963 1445 directus,
981 1394 1212 1450 Evangelio
1233 1394 1388 1436 Christi
1408 1395 1574 1436 minime
1594 1405 1668 1436 aut

279 1467 497 1515 tolluntur,
518 1475 591 1505 aut
610 1464 873 1504 damnantur.
936 1464 989 1503 In
1021 1463 1095 1503 hac
1126 1472 1222 1503 vero
1251 1463 1496 1518 precationis
1522 1463 1667 1505 Domi-

278 1536 381 1577 nicae
409 1542 541 1591 parte,
567 1532 621 1573 ad
655 1531 900 1573 Christianae
931 1530 1122 1580 lenitatis,
1151 1540 1192 1572 et
1222 1531 1450 1573 dilectionis
1479 1531 1665 1588 regulam

278 1611 436 1644 mentes
465 1610 616 1641 nostrae
645 1599 885 1655 exiguntur,
907 1598 992 1639 kne
1023 1597 1173 1638 scilieet
1204 1613 1229 1638 a
1248 1598 1356 1639 malo
1377 1598 1497 1649 vinci,
1519 1599 1561 1640 id
1591 1608 1667 1648 est,

279 1671 453 1712 aliorum
470 1668 593 1724 culpa
612 1684 661 1708 eo
681 1682 755 1708 nos
774 1667 926 1708 adduci
947 1666 1142 1715 sinamus,
1159 1675 1205 1707 ut
1225 1665 1379 1706 malum
1401 1666 1509 1707 malo
1525 1681 1668 1721 repen-

279 1739 376 1779 dere
396 1736 584 1786 velimus,
602 1735 673 1776 sed
695 1745 742 1776 ut
760 1735 870 1776 bono
890 1734 1046 1775 malum
1067 1734 1279 1775 vincamus
1298 1734 1460 1790 potius3
1494 1735 1571 1776 hoc
1592 1744 1666 1785 est,

279 1804 477 1847 maleficia
507 1803 731 1844 benefactis
762 1817 994 1858 pensemus,
1027 1802 1437 1858 benevolentiamque
1466 1818 1564 1858 erga
1594 1802 1669 1842 ini-

278 1874 405 1915 micos
433 1882 559 1929 atque
588 1872 725 1912 hostes
755 1870 876 1912 etiam
912 1870 1123 1920 immanes,
1150 1881 1190 1911 et
1220 1870 1413 1927 capitales
1442 1870 1668 1912 habeamus

278 1952 404 1998 atque
424 1955 720 1982 conservemus.

338 2009 401 2049 M.
435 2009 569 2063 Perge
589 2022 713 2062 porro
733 2006 786 2046 ad
808 2014 964 2046 sextam
984 2005 1236 2062 petitionem.

338 2078 392 2116 A.
425 2077 492 2116 Ea
519 2089 751 2130 precamur,
780 2088 842 2114 NE
875 2087 956 2114 Nos
993 2087 1193 2114 INDUCAT
1231 2087 1280 2114 IN
1313 2088 1665 2123 TENTATIONEM,

282 2159 363 2185 SED
387 2159 416 2184 A
438 2157 565 2184 MALo
588 2156 800 2182 LIBERET.
861 2142 970 2182 Nam
990 2151 1038 2181 ut
1061 2151 1155 2182 ante
1182 2141 1483 2197 praeteritorum
1506 2141 1665 2182 veniam

280 2212 472 2268 petimus,
504 2210 561 2251 ita
591 2225 701 2250 nunc
732 2225 783 2251 ne
815 2208 1015 2264 lamplius
1046 2224 1275 2265 peccemuS‚
1307 2224 1486 2250 oramus
1547 2207 1667 2248 Mille

279 2279 519 2319 formidines
543 2287 827 2334 opponuntur,
851 2275 1008 2317 mmille
1037 2276 1311 2318 intenduntur
1340 2276 1535 2333 pericula,
1557 2275 1667 2316 mille

280 2347 398 2387 nobis
432 2346 589 2386 insidiae
624 2354 930 2401 comparantur,
966 2353 1091 2400 atque
1127 2344 1390 2386 collocantur.
1452 2345 1540 2384 Nos
1570 2358 1668 2383 vero

281 2425 429 2456 natura
463 2412 731 2463 nimbecisses,
764 2412 818 2453 ad
848 2412 1163 2468 praecavendum
1199 2412 1366 2462 incauti,
1395 2411 1448 2453 ad
1480 2411 1666 2452 resisten-

325 2510 336 2529 s
351 2511 432 2540 Mat.
449 2510 491 2539 vi.
509 2518 559 2546 14,
578 2518 626 2548 ¹5·
651 2508 741 2539 xviii.
760 2517 811 2546 24,
831 2508 883 2544 28,
903 2518 954 2548 29,
970 2517 1025 2546 33,
1042 2517 1095 2547 34.
1219 2515 1233 2534 g
1249 2509 1331 2538 Mat.
1350 2508 1402 2538 vii.
1422 2517 1452 2545 2,
1470 2517 1501 2546 3.
1526 2508 1604 2537 Luc.
1621 2507 1664 2537 vi.

282 2570 336 2602 37,
353 2563 406 2601 38.
429 2563 541 2592 Jacob.
559 2563 590 2592 ii.
612 2572 658 2600 ¹3·
779 2562 792 2582 ¹¹
811 2563 905 2592 Rom.
922 2562 978 2592 xii.
996 2571 1046 2602 19,
1065 2571 1116 2591 20.
1142 2562 1225 2591 Heb.
1243 2573 1273 2592 x.
1290 2572 1343 2600 30.
1461 2560 1467 2580 ἦ
1486 2562 1579 2591 Rom.
1597 2561 1665 2590 xiii.

287 2626 314 2653 ι,
330 2626 362 2653 4,
376 2616 406 2651 6,
424 2617 480 2646 ἃς.
503 2616 570 2646 Tit.
588 2616 634 2646 iii.
653 2626 679 2647 ι.
708 2626 718 2646 1
739 2617 806 2647 Pet.
825 2617 857 2646 ii.
878 2625 926 2656 15.
1050 2615 1075 2648 ,k
1095 2616 1174 2645 Mat.
1192 2626 1222 2645 v.
1239 2625 1294 2655 39,
1311 2624 1362 2653 44.
1388 2615 1466 2645 Luc.
1482 2614 1524 2644 vi.
1543 2621 1594 2652 27,
1611 2613 1663 2643 28.

283 2670 376 2699 Rom*
395 2669 446 2697 xii.
470 2678 519 2705 14,
541 2677 590 2708 17,
613 2670 662 2705 18,
684 2679 733 2709 19,
752 2679 803 2700 20.
955 2669 1074 2699 'doam
1090 2679 1119 2698 v.
1138 2677 1184 2705 ¹4-
1210 2669 1277 2698 viii.
1295 2678 1342 2698 11.
1369 2677 1383 2698 2
1401 2669 1468 2698 Pet.
1484 2667 1517 2697 ii.
1536 2674 1589 2702 20,
1611 2675 1663 2701 21,

285 2732 334 2753 22.
436 2727 457 2741 ¹¹¹
477 2722 555 2752 Mat.
576 2722 740 2762 x.16,17,
757 2724 813 2752 ἃς.
840 2723 952 2761 Ephe&
969 2723 1011 2752 vi.
1031 2731 1080 2757 12,
1095 2723 1152 2752 ἃς.
1181 2733 1191 2752 1
1210 2722 1276 2752 Pet.
1293 2733 1320 2752 v.
1337 2722 1368 2756 8,
1386 2730 1415 2759 9.
1549 2726 1563 2739 ¹²
1580 2720 1661 2750 Mat.

284 2776 433 2813 xxvi.41.
464 2785 471 2804 ι
494 2776 593 2805 Cotti
625 2784 673 2815 27.
