1799 3077
500 142 796 183 ANNALES
830 142 1111 184 PAULINI.
1417 143 1502 185 373

166 254 239 294 Ad
267 254 377 296 idem
406 255 579 296 Festum
606 255 718 297 venit
738 256 768 296 J
772 271 865 296 esus
894 255 1065 311 quidam
1093 254 1203 296 filius
1222 255 1377 305 Anani,
1400 271 1502 311 qua·
1526 262 1610 292 AErae
1624 263 1709 300 vulg.

107 323 297 365 driennio
316 334 411 366 ante
430 324 601 376 bellum,
625 335 666 366 et
686 325 876 366 clamavit
1001 327 1035 366 V
1032 341 1083 376 (ε,
1114 326 1179 364 Vae
1198 325 1457 369 Jerusalem!
1567 306 1667 334 LXII.

167 393 263 434 Hoc
291 402 475 449 tempore
496 395 536 435 S.
559 393 682 434 Pauli
709 393 875 435 vincula
902 393 1077 435 celebria
1103 393 1213 434 facta
1233 401 1330 433 sunt
1351 392 1391 432 in
1414 402 1501 433 toto
1548 392 1683 464 Negonis

107 461 324 512 Praetorio,
360 462 546 518 Philipp.
583 462 608 502 i.
639 463 705 503 13.
747 471 788 503 et
826 462 1011 503 nonnulli
1048 478 1099 503 ex
1134 460 1290 502 familia
1327 461 1501 502 Caesaris
1625 456 1633 464 ⁸

109 529 333 571 Christiani
354 530 452 571 facti
474 540 581 572 sunt.

124 634 127 636 .
163 597 192 636 J
197 612 289 637 esus
310 596 452 637 Anani
483 598 633 639 ductus
654 598 707 639 ad
728 597 933 639 Albinum
954 597 1088 653 plagis
1109 612 1240 652 usque
1259 596 1314 637 ad
1335 611 1425 636 ossa
1445 595 1502 636 la-
1599 608 1631 638 9·

106 672 282 714 ceratur,
310 674 352 705 et
381 664 434 705 ad
465 664 649 721 singulos
679 665 786 706 ictus
816 665 925 706 idem
953 664 1227 705 vociferabat:
1270 663 1398 719 idque
1428 678 1502 719 per

106 747 235 773 annos
260 741 415 789 septem
443 742 484 774 et
510 748 669 775 menses
690 733 875 790 quinque
896 732 1085 782 faciebat,
1107 732 1238 773 donec
1258 731 1300 772 in
1320 731 1410 788 ipsa
1429 731 1502 772 ob-

107 800 263 842 sidione
282 801 386 858 lapis
407 810 611 843 tormento
632 802 802 843 emissus
823 817 918 843 eum
938 800 1126 858 peremit.

165 868 336 920 Paulus,
356 885 451 910 cum
466 870 556 926 jam
576 869 695 911 facile
714 869 964 926 perspiceret
985 884 1026 909 se
1047 884 1133 910 esse
1153 867 1392 925 propediem
1415 867 1503 908 vin-

107 935 210 977 culis
229 935 488 978 liberandum
511 938 671 995 scripsit
694 939 769 979 IV.
787 937 1021 994 Epistolas:

164 1003 237 1044 Ad
259 1004 562 1062 Philippenses,

166 1072 240 1113 Ad
261 1073 480 1130 Ephesios,
576 1025 612 1253 }

166 1141 239 1182 Ad
260 1142 536 1195 Colossenses‚

166 1210 240 1251 Ad
263 1210 561 1262 Philemonem,

167 1279 361 1334 Cumque
390 1279 479 1335 jam
514 1295 589 1336 per
617 1279 829 1321 biennium
861 1279 903 1320 in
934 1279 1059 1320 domo
1093 1277 1298 1319 conducta
1327 1276 1498 1317 verbum
1557 1285 1675 1314 LXIII.

109 1347 191 1388 Dei
220 1346 347 1388 libere
376 1348 652 1404 praedicasset,
682 1349 819 1389 Roma
849 1347 963 1396 exiit,
995 1356 1036 1388 et
1066 1347 1108 1387 in
1141 1346 1304 1387 Italiam
1336 1345 1502 1402 proprie
1552 1373 1688 1403 Neronis

109 1415 261 1457 dictam
294 1416 470 1467 secessit,
502 1416 574 1457 ubi
607 1424 828 1472 expectans
856 1415 1129 1456 Timotheum
1157 1413 1318 1470 scripsit
1338 1413 1503 1470 Episto-
1601 1425 1632 1457 9·

109 1484 190 1525 lam
211 1484 264 1525 ad
283 1485 506 1526 Hebraeos.

168 1553 432 1595 Adveniente
454 1554 693 1605 Timotheo,
722 1570 773 1595 ex
803 1554 925 1595 Italia
951 1554 1162 1610 profectus
1189 1561 1251 1594 est
1279 1552 1321 1592 in
1350 1552 1505 1608 Hispa·
1596 1562 1645 1582 ¹0·

112 1622 222 1662 niam
252 1637 337 1678 quo
366 1622 523 1663 iturum
555 1639 596 1664 se
625 1623 786 1664 dixerat
816 1622 857 1663 in
889 1622 1080 1679 Epistola
1109 1621 1162 1663 ad
1195 1622 1431 1668 Romanos3
1464 1630 1506 1661 et

112 1698 221 1731 certe
256 1704 346 1731 eam
382 1689 589 1746 regionem
621 1691 739 1740 vidit,
772 1706 896 1746 quam
937 1690 1129 1731 Clemens
1164 1690 1381 1730 Romanus
1416 1688 1505 1744 ejus

112 1757 257 1798 itinera
277 1773 600 1799 commemorans
621 1757 803 1815 appellat
821 1759 862 1799 τὸ
883 1757 1002 1814 τέρμα
1021 1762 1083 1807 τῆς
1106 1756 1249 1805 δύσεως.
1289 1756 1503 1813 Chrysost.

114 1827 229 1867 Orat.
253 1828 289 1870 ’7.
312 1825 354 1866 in
378 1827 417 1867 S.
442 1826 622 1867 Paulum
646 1835 741 1868 tom.
763 1825 844 1866 viii.
867 1842 907 1883 p.
930 1828 997 1870 59.
1031 1825 1108 1866 Καὶ
1131 1827 1206 1866 οὐδὲ
1228 1827 1379 1866 ἐνταῦθα
1397 1825 1505 1865 ἵστα-

113 1912 191 1945 ται,
214 1897 318 1935 ἀλλά
340 1895 402 1935 καὶ
427 1896 553 1936 ἐκεῖθεν
574 1898 620 1943 εἷς
638 1895 830 1935 Ἱσπανίαν
851 1894 997 1949 ἔδραμε.

172 1963 424 2004 Theodoret.
447 1963 488 2003 in
513 1964 671 2019 Philip.
693 1963 718 2004 i.
743 1965 810 2004 25.
842 1963 919 2002 Καὶ
948 1967 966 2012 ἡ
991 1967 1062 2002 τῶν
1082 1962 1248 2018 πράξεων
1269 1962 1303 2002 δὲ
1325 1964 1419 2013 ἡμᾶς
1440 1961 1507 2000 ἐδί-

115 2033 217 2080 δαξεν
245 2031 402 2087 ἱστορία,
425 2034 470 2078 ὠς
500 2032 556 2072 δύο
585 2031 643 2081 ἔτη
665 2032 706 2072 τὸ
727 2037 866 2086 πρῶτον
887 2033 922 2070 ἐν
941 2034 984 2085 τῇ
1003 2030 1125 2086 Ῥώμῃ
1147 2030 1304 2084 διήγαγε
1325 2030 1404 2069 καθ’
1426 2033 1508 2069 ἑαυ-

625 1076 678 1116 In
699 1074 853 1131 quibus
872 1074 926 1115 ad
947 1089 1015 1115 eos
1035 1089 1076 1115 se
1098 1082 1322 1114 venturum
1347 1071 1500 1121 scribit,

666 1152 707 1185 et
729 1153 775 1184 ut
793 1142 1018 1199 hospitium
1041 1142 1319 1198 sibiparetur,
1340 1139 1458 1196 petit.

116 2099 174 2138 τὸν
204 2100 308 2138 οἰκῶν
335 2101 368 2138 ἐν
397 2099 470 2154 ἰδίῳ
498 2099 725 2152 μισθώματι·
759 2098 886 2138 ἐκεῖθεν
915 2099 949 2138 δὲ
978 2101 1024 2144 εἷς
1050 2101 1118 2145 τοὶς
1137 2096 1304 2145 Σπανίας
1325 2095 1506 2147 ἀπελθὼν,

118 2165 179 2205 καὶ
210 2165 250 2204 τὸ
280 2166 365 2205 θεῖον
395 2167 571 2221 κᾴκεῖνοις
598 2165 847 2222 προσενεγκὼν
869 2165 1108 2221 Εὐαγγέλιον
1130 2166 1318 2216 ἐπανῆλθε,
1341 2166 1404 2205 καὶ
1425 2163 1507 2205 τότε

117 2235 179 2282 τὴν
201 2237 361 2286 κεφαλὴν
381 2236 583 2287 ἀπετμήθη.

175 2300 358 2342 Albinus
387 2303 636 2344 Procurator
663 2303 774 2344 omni
805 2303 960 2359 rapinae
987 2317 1136 2359 genere
1161 2300 1410 2358 provinciam
1443 2315 1509 2340 ve-

118 2377 203 2410 xat.
252 2370 340 2411 Jos.
362 2370 412 2415 de
434 2371 540 2412 Bell.
561 2371 665 2411 Jud.
687 2371 755 2412 lib.
778 2371 819 2412 ii.
841 2387 874 2412 c.
893 2372 959 2412 13.

178 2436 336 2478 Paulus
356 2438 524 2494 navigat
544 2438 588 2479 in
610 2441 792 2480 Cretam.

178 2505 337 2547 Paulus
363 2516 584 2563 postquam
614 2507 656 2548 in
685 2509 811 2549 Creta
831 2508 1002 2548 verbum
1033 2506 1114 2548 Dei
1140 2505 1382 2561 aliquandiu
1407 2521 1511 2562 prae-
1565 2509 1681 2540 LXIV·

120 2573 307 2626 dicasset,
335 2584 376 2616 et
404 2574 610 2616 Ecclesias
638 2575 928 2625 constituisset,
957 2574 1105 2615 Titum
1134 2573 1392 2630 Episcopum
1422 2574 1512 2630 ejtls
1560 2598 1693 2628 Nemnis

119 2641 198 2683 loci
218 2643 438 2694 ordinavit,
460 2659 639 2700 eumque
664 2643 721 2701 ibi
748 2643 929 2700 reliquit,
952 2653 1000 2684 ut
1019 2658 1114 2699 quae
1134 2641 1221 2698 ipse
1241 2657 1324 2682 non
1343 2642 1510 2693 fecerat,
1602 2650 1649 2671 ¹0·

122 2708 188 2750 ille
210 2726 332 2766 super
353 2711 589 2767 disponeret
609 2721 650 2753 et
670 2711 893 2761 ordinaret,
910 2711 1259 2766 constitueretque
1281 2726 1354 2766 per
1373 2710 1513 2751 civita-

125 2787 183 2817 tes
204 2779 471 2836 Presbyteros
493 2780 719 2822 secundum
742 2780 936 2835 Apostoli
958 2780 1152 2830 διατάξεις,
1182 2781 1266 2820 Tit.
1289 2779 1311 2819 i.
1335 2782 1372 2820 5.

756 2863 778 2889 Β
800 2848 827 2888 b
849 2850 874 2889 3
