1799 3077
466 158 701 200 NOELLI
735 160 1203 204 CATECHISMUS.
1440 168 1522 209 245

193 271 257 312 M.
281 272 415 321 Quem
436 271 489 313 ad
510 273 647 323 finem,
671 274 810 314 Deum
833 275 934 330 Opt.
957 275 1075 316 Max.
1097 275 1290 317 universa
1315 276 1403 319 haec
1430 295 1523 321 eon-

134 337 287 380 didisse
306 339 544 381 existimas?

192 408 247 448 A.
271 407 461 448 Mundus
482 407 569 464 ipse
590 408 805 449 hominum
827 418 844 442 1’
858 425 983 450 causa
1001 409 1136 451 factus
1161 420 1244 461 est,
1259 421 1300 452 et
1330 427 1526 467 quaecun-

133 491 216 531 que
235 475 277 516 in
299 491 347 516 eo
368 485 478 526 sunt,
500 475 555 517 ad
575 491 698 517 usum
718 476 988 533 fructumque
1006 477 1223 519 hominum
1245 488 1390 535 parata
1417 491 1525 523 sunt.

133 543 191 584 Et
214 552 260 584 ut
279 558 343 583 res
362 542 462 584 alias
481 558 622 584 omnes
643 545 762 585 Deus
783 544 959 586 hominis
978 545 1125 601 gratia,
1147 545 1205 587 ita
1228 546 1436 588 hominem
1466 549 1528 606 ip-

133 626 226 652 sum
247 611 300 651 ad
321 626 437 652 suam
459 610 588 667 ipsius
608 619 627 649 <1
643 611 817 667 gloriam
840 612 1039 654 condidit.

192 679 260 718 M.
284 678 395 728 Quid
417 694 517 735 ergo
535 679 676 729 habes,
694 679 810 735 quod
830 679 942 721 dicas
958 680 1010 721 de
1027 679 1160 736 prima
1175 680 1353 723 hominis
1369 682 1527 739 origine

134 754 175 786 et
195 746 430 788 creatione?

191 815 250 855 A.
274 814 327 855 Id
348 813 462 870 quod
484 813 644 870 scripsit
665 815 829 856 Moses:
863 816 1003 856 Deum
1025 815 1176 857 scilicet
1197 832 1248 858 ex
1275 817 1421 874 argilla
1446 819 1529 875 pri-

134 897 250 923 mum
273 891 286 910 ¹
300 881 508 922 hominem
529 881 710 932 finxisse,
727 882 868 938 illique
889 883 1067 923 animam
1089 893 1130 924 et
1147 884 1271 924 vitam
1287 885 1524 942 inspirasse;

133 949 284 991 deiude
308 950 359 990 de
378 949 454 990 viri
485 949 626 1000 latere,
649 965 792 991 somno
823 950 959 1007 sopiti,
982 951 1210 992 detractam
1240 952 1454 994 mulierem
1485 954 1527 995 in

133 1017 267 1058 lucem
286 1018 544 1074 produxisse,
567 1027 615 1059 ut
637 1033 725 1059 eam
754 1018 812 1058 illi
834 1018 931 1060 vitae
959 1018 1107 1060 sociam
1139 1019 1399 1076 adjungeret.
1460 1024 1528 1063 Ac

134 1095 354 1142 propterea
377 1087 502 1128 homo
529 1088 725 1127 ADAMUS
748 1096 919 1128 vocatus
945 1096 1020 1137 est,
1042 1087 1141 1143 quia
1168 1103 1219 1128 ex
1240 1096 1254 1115 s
1269 1098 1377 1129 terra
1404 1089 1529 1130 traxit

134 1154 360 1211 originem;
404 1154 551 1195 mulier
585 1164 739 1205 autem,
772 1155 871 1211 quia
899 1155 1084 1196 omniurn
1116 1156 1367 1198 tviventium
1399 1168 1530 1200 mater

136 1233 223 1264 erat
244 1223 400 1273 futura,
422 1223 711 1279 appellabatur
732 1225 856 1265 EVA.

194 1292 258 1332 M.
290 1293 397 1333 Cum
426 1301 542 1333 tanta
570 1291 613 1332 in
643 1291 845 1348 utrisque,
868 1291 965 1333 viris
995 1292 1149 1348 pariter
1178 1303 1305 1350 atque
1334 1293 1529 1343 foeminis,

136 1359 348 1411 vitiositas,
376 1359 631 1417 improbitas,
659 1360 988 1416 perversitasque
1015 1360 1138 1401 hodie
1165 1361 1455 1418 conspiciatur,
1477 1378 1529 1403 an

137 1444 205 1470 eos
226 1431 343 1470 Deus
364 1429 464 1470 tales
484 1430 537 1471 ab
557 1429 675 1470 initio
695 1428 910 1470 condidit?

194 1499 250 1537 A.
274 1497 391 1538 Nihil
410 1497 557 1538 minus.
595 1497 712 1537 Deus
733 1496 840 1537 enim
863 1511 1022 1536 summe
1043 1495 1191 1546 bonus,
1214 1496 1315 1536 nihil
1336 1496 1412 1537 nisi
1427 1497 1530 1537 ubo-

136 1579 238 1605 num
259 1575 393 1621 potest
414 1564 592 1606 efficere:
628 1563 853 1605 Hominem
876 1579 975 1619 ergo
994 1563 1176 1619 primum
1198 1565 1316 1605 Deus
1331 1565 1384 1606 ad
1403 1564 1530 1606 xima-

138 1634 279 1689 ginem
300 1642 341 1674 et
363 1632 673 1674 similitudinem
697 1647 814 1673 suam
835 1632 1031 1673 condidit.

198 1703 262 1742 M.
294 1703 441 1757 Imago
470 1710 609 1742 autem
639 1700 722 1751 illa,
744 1700 798 1741 ad
828 1715 954 1756 quam
984 1699 1193 1741 hominem
1221 1699 1281 1741 ais
1306 1700 1531 1742 formatum

140 1785 241 1820 esse,
263 1784 455 1825 quaenam
478 1771 567 1810 est?

196 1839 252 1878 A.
281 1839 349 1878 Ea
375 1846 436 1878 est
466 1835 766 1877 absolutissima
790 1835 968 1892 justitia,
990 1845 1032 1877 et
1061 1835 1357 1892 perfectissima
1386 1838 1532 1879 sancti-

139 1905 290 1956 monia,
313 1921 408 1961 quae
428 1905 481 1945 ad
501 1905 630 1961 ipsam
654 1904 736 1945 Dei
756 1914 947 1945 naturam
970 1919 1096 1960 quam
1121 1904 1298 1945 maxime
1324 1905 1529 1961 pertinet;

139 1990 319 2031 quaeque
338 1973 381 2014 in
402 1982 421 2012 Y
437 1973 604 2015 Christo
628 1988 736 2014 novo
763 1981 902 2014 nostro
931 1973 1112 2022 Adamo,
1136 1972 1443 2028 praeclarissime
1472 1990 1534 2028 est

140 2043 446 2089 demonstrata;
479 2042 600 2098 cujus
618 2041 661 2082 in
689 2041 808 2083 nobis
835 2041 1028 2097 quaedam
1059 2042 1177 2097 quasi
1208 2041 1441 2085 scintillulae
1461 2044 1531 2084 vix

136 2111 224 2166 jam
246 2119 520 2166 compareant.

200 2180 265 2220 M.
289 2179 408 2219 Itane
429 2178 499 2219 vix
519 2182 787 2235 comparent?

199 2248 255 2288 A.
279 2246 498 2294 Profecto;
531 2261 665 2302 neque
679 2247 768 2303 jam
788 2246 846 2287 ita
863 2245 1080 2302 splendent
1097 2255 1144 2286 ut
1159 2246 1201 2286 in
1218 2246 1334 2287 initio
1351 2256 1445 2288 ante
1462 2247 1533 2288 ho-

143 2315 264 2357 minis
292 2315 469 2371 lapsum,
499 2315 837 2371 quandoquidem
868 2314 992 2355 homo
1022 2322 1285 2369 peccatorum
1307 2315 1532 2365 Ztenebris,

143 2393 185 2426 et
204 2383 375 2440 caligine
396 2398 581 2424 errorum
602 2383 791 2439 imaginis
811 2383 938 2439 hujus
959 2381 1218 2438 splendorem
1240 2382 1442 2424 restinxit.

203 2453 268 2492 M.
290 2453 354 2493 At
373 2451 583 2506 quomodo
602 2450 681 2492 hoc
701 2451 855 2492 factum
879 2450 931 2491 sit
950 2449 1075 2499 dicas,
1097 2449 1221 2490 volo?

190 2598 205 2617 ι·
222 2591 303 2621 Gen.
321 2591 342 2620 i.
362 2589 413 2626 26,
433 2599 484 2629 29,
501 2599 554 2628 30.
579 2590 662 2619 Psal.
678 2589 744 2619 viii.
764 2597 794 2629 7,
814 2590 871 2619 &c.
1034 2595 1048 2613 ‘¹
1064 2588 1155 2618 Prov.
1173 2588 1237 2618 xvi.
1253 2597 1283 2626 4.
1308 2589 1395 2619 Esai.
1412 2590 1491 2620 xliii.
1509 2599 1537 2631 7.

148 2645 242 2674 Rom.
259 2643 300 2674 xi.
317 2643 370 2682 36.
395 2644 518 2673 Coloss.
536 2643 557 2672 i.
579 2642 627 2673 16.
730 2649 739 2661 Γ
759 2644 841 2674 Gen.
857 2643 890 2673 ii.
911 2650 941 2682 7,
961 2651 1013 2679 21,
1034 2651 1084 2672 22.
1187 2650 1197 2663 ⁵
1213 2643 1294 2674 Gen.
1313 2643 1347 2674 ii.
1368 2651 1396 2683 7.
1422 2644 1468 2674 iii.
1490 2656 1537 2685 ¹9·

147 2701 155 2718 ⁸
175 2699 254 2727 Gen.
269 2697 312 2728 iii.
332 2707 382 2728 20.
486 2704 500 2717 *¹
518 2697 598 2727 Gen.
615 2697 635 2726 ἱ.
653 2707 705 2735 31·
809 2703 823 2716 x
840 2697 921 2727 Gen.
940 2697 959 2727 i.
981 2696 1030 2727 26.
1057 2698 1180 2728 Coloss.
1196 2698 1241 2728 iii.
1265 2707 1312 2728 10.
1415 2706 1428 2724 y
1445 2700 1538 2729 Rom.

148 2752 213 2781 viii.
232 2761 281 2790 29.
311 2762 321 2781 1
343 2752 417 2781 Cor.
433 2762 483 2781 xv.
500 2760 553 2790 49.
579 2760 595 2780 2
614 2751 686 2780 Cor.
703 2751 747 2781 iii.
772 2750 818 2780 18.
848 2752 890 2782 iv.
905 2761 937 2790 4.
962 2752 1086 2782 Coloss.
1106 2754 1126 2782 i.
1149 2763 1196 2792 15.
1224 2753 1268 2783 iii.
1290 2763 1337 2784 10.
1417 2760 1428 2773 ²
1446 2754 1538 2784 Rom-

152 2814 172 2843 i.
192 2816 239 2837 22.
270 2817 278 2836 1
302 2807 485 2842 Cor.i.18‚
508 2816 557 2844 23.
588 2807 620 2836 ii,
645 2815 690 2843 ¹4·
720 2806 766 2836 iii.
788 2815 834 2844 19.
863 2807 940 2846 Eph.
958 2807 996 2836 iv.
1021 2815 1068 2845 17.

807 2860 880 2898 113
