1799 3077
534 125 764 167 JUELLI
800 126 1135 168 APOLOGIA.
1448 134 1525 173 141

140 239 209 281 ille
238 239 333 290 fuit,
355 239 429 296 qui
458 239 619 296 scripsit
648 238 896 296 opusculum
923 240 1218 297 Tripartitum,
1240 242 1353 296 quod
1383 244 1528 301 adjun-

140 318 254 350 ctum
279 317 340 350 est
360 308 413 349 ad
433 308 650 349 concilium
683 310 986 364 Lateranense:
1022 311 1201 359 Tantus,
1229 309 1379 366 inquit,
1408 313 1528 354 hodie

139 386 201 418 est
220 376 359 426 luxus,
380 392 462 418 non
484 385 645 418 tantum
665 377 708 417 in
730 377 896 418 Clericis
916 388 957 419 et
980 377 1283 429 Sacerdotibus,
1306 379 1376 420 sed
1407 381 1526 423 etiam

139 445 181 486 in
203 445 392 486 Praelatis
412 454 453 486 et
474 445 706 501 EpiscopiS,
728 454 774 486 ut
795 446 989 487 horribile
1011 446 1062 487 sit
1081 446 1243 487 auditu.

196 513 327 569 Atqui
357 513 435 554 ista
461 528 544 554 non
574 523 736 555 tantum
763 514 913 555 usitata
946 522 1056 565 sunt,
1079 524 1120 555 et
1147 530 1195 555 ca
1220 529 1343 556 causa
1363 532 1530 558 consue-

138 581 294 622 tudinis
324 590 365 623 et
395 581 590 638 temporis
620 582 753 638 gratia
784 583 1026 639 approbata,
1055 592 1103 623 ut
1132 593 1281 624 caetera
1311 593 1406 625 sunt
1435 585 1530 626 isto-

137 644 231 691 rum
260 650 346 690 fere
377 649 527 699 omnia,
551 650 621 691 sed
652 650 774 691 etiam
807 651 978 706 antiqua
1005 651 1094 707 jam
1130 659 1171 692 et
1205 652 1364 707 putida.
1427 655 1529 704 Quis

137 718 245 759 enim
277 733 359 758 non
390 717 550 759 audivit
581 718 683 774 quid
715 720 866 759 Petrus
890 718 1089 770 Aloisius,
1113 720 1233 760 Pauli
1266 720 1374 761 tertii
1404 720 1526 770 filius,

135 785 361 841 designarit
399 785 441 825 in
483 787 682 826 Cosmum
724 786 921 826 Cherium
963 787 1219 843 Episcopum
1262 789 1525 830 Fanensem?

135 853 238 909 quid
264 854 449 893 Joannes
479 854 585 894 Casa
610 854 959 910 Archiepiscopus
986 856 1317 907 Beneventanus,
1341 858 1527 913 Legatus

135 919 347 962 Pontificis
377 920 491 976 apud
526 922 714 972 Venetos,
746 921 950 977 scripserit
979 922 1031 962 de
1062 923 1267 964 horrendo
1298 924 1459 973 scelere,
1485 934 1526 965 et

134 989 249 1045 quod
270 1004 321 1029 ne
342 988 468 1029 fando
489 988 658 1044 quidem
680 989 815 1030 audiri
843 990 1005 1040 debeat,
1028 990 1071 1030 id
1096 990 1230 1031 verbis
1258 991 1526 1047 spurcissimis

131 1066 172 1099 et
193 1057 387 1099 scelerata
407 1057 642 1113 eloquentia
670 1058 997 1099 commendarit?
1030 1058 1133 1109 Quis
1160 1074 1242 1100 non
1269 1060 1429 1101 audivit
1450 1062 1526 1101 Al-

130 1127 339 1183 phonsum
360 1125 556 1166 Diazium
586 1126 841 1183 Hispanum,
862 1142 957 1167 cum
986 1143 1034 1168 ea
1059 1127 1194 1183 gratia
1214 1129 1351 1169 Roma
1377 1129 1524 1170 missus

130 1193 275 1234 fuisset
303 1193 346 1233 in
370 1193 651 1244 Germaniam,
674 1193 1051 1235 innocentissimum
1079 1203 1120 1235 et
1146 1195 1443 1237 sanctissimum
1465 1196 1523 1237 vi-

130 1276 223 1302 rum
255 1262 462 1302 Joannem
494 1261 690 1302 Diazium
720 1262 890 1302 fratrem
922 1277 1059 1313 suum,
1091 1271 1253 1303 tantum
1289 1263 1403 1319 quod
1438 1278 1523 1303 am-

128 1327 276 1384 plexus
307 1338 411 1370 esset
441 1329 715 1385 Evangelium
750 1330 854 1370 ‹Jesu
892 1329 1061 1381 Christi,
1095 1339 1136 1372 et
1171 1331 1348 1371 Romam
1389 1330 1521 1371 redire

128 1397 268 1447 nollet,
290 1397 445 1438 nefarie
475 1407 600 1454 atque
630 1397 755 1453 impie
785 1397 1062 1439 interfecisse?
1097 1399 1177 1439 Sed
1205 1398 1295 1449 ista,
1317 1399 1518 1455 inquient,

126 1465 169 1505 in
200 1466 370 1522 Repub.
404 1465 558 1522 optimc
593 1465 830 1515 constituta,
863 1466 984 1507 etiam
1020 1466 1158 1507 invitis
1197 1467 1517 1523 magistratibus,

125 1543 299 1588 possunt
318 1533 528 1574 interdum
549 1532 745 1581 accidere,
769 1541 809 1573 et
827 1533 945 1573 bonis
965 1533 1126 1588 legibus
1145 1533 1420 1575 vindicantur.

184 1602 290 1641 Esto
311 1616 417 1641 sane.
482 1600 563 1641 Sed
584 1599 737 1655 quibus
763 1599 881 1640 bonis
908 1599 1070 1656 legibus
1099 1601 1429 1642 animadversum
1456 1612 1517 1643 est

124 1668 166 1708 in
196 1668 294 1709 istas
323 1671 486 1724 pestes?
520 1669 671 1708 Petrus
692 1667 878 1708 Aloisius
904 1683 998 1708 cum
1028 1684 1076 1709 ca
1099 1668 1268 1724 flagitia,
1291 1685 1386 1725 quae
1412 1670 1516 1711 dixi-

124 1752 231 1787 mus,
254 1737 519 1792 designasset,
543 1751 702 1791 semper
721 1735 802 1776 fuit
823 1735 864 1776 in
886 1735 979 1776 sinu
1006 1746 1131 1792 atque
1159 1736 1201 1777 in
1227 1737 1381 1778 deliciis
1401 1739 1515 1795 apud

121 1815 282 1861 patrem
313 1819 434 1845 suum
468 1803 647 1845 Paulum
684 1803 864 1844 tertium.
925 1803 1110 1855 Diazius,
1142 1804 1357 1846 interfecto
1388 1807 1514 1847 fratre

121 1889 211 1924 suo,
244 1872 456 1914 Pontificis
491 1887 569 1928 ope
598 1881 764 1928 ereptus
794 1881 868 1924 est,
893 1887 944 1913 nc
974 1872 1015 1912 in
1046 1888 1142 1914 eum
1172 1873 1514 1915 animadvertere-

121 1951 190 1982 tur
216 1941 335 1982 bonis
364 1940 536 1996 legibus.
598 1941 627 1980 J
631 1955 781 1981 oannes
803 1941 909 1981 Casa
930 1940 1280 1997 Archiepiscopus
1300 1942 1511 1982 Beneven-

119 2018 241 2050 tanus
275 2008 413 2049 adhuc
448 2007 578 2056 vivit;
621 2008 704 2049 imo
739 2008 862 2048 etiam
899 2009 1060 2058 Romae,
1095 2017 1136 2049 et
1175 2008 1217 2048 in
1259 2009 1507 2050 Sanctissimi

117 2077 246 2119 oculis
276 2086 317 2119 et
346 2086 568 2133 conspectu
600 2076 712 2118 vivit.
775 2077 1028 2118 Occiderunt
1061 2077 1237 2118 fratrum
1273 2087 1505 2118 nostrorum

117 2145 298 2186 infinitos
336 2160 544 2195 numeros,
579 2153 742 2186 tantum
781 2144 896 2200 quod
937 2159 1031 2185 vere
1070 2159 1117 2185 ac
1157 2160 1260 2200 pure
1295 2145 1507 2186 crederent

115 2214 158 2254 in
193 2215 342 2254 Jesum
380 2212 604 2254 Christum.
668 2214 730 2254 At
771 2228 821 2253 ex
860 2212 930 2253 illo
970 2220 1085 2253 tanto
1117 2228 1289 2253 numero
1324 2214 1505 2254 meretri-

115 2297 225 2332 cum,
258 2289 543 2331 scortatorum,
575 2280 874 2330 adulterorum,
907 2295 1031 2336 quem
1062 2296 1260 2336 unquam,
1283 2295 1365 2321 non
1395 2280 1502 2331 dico,

114 2350 366 2399 occiderunt,
391 2348 463 2389 sed
482 2357 556 2389 aut
576 2348 1053 2398 excommunicaverunt,
1076 2357 1147 2388 aut
1168 2347 1334 2388 omnino
1358 2348 1503 2403 attige-

114 2419 241 2458 runt?
273 2418 346 2456 An
376 2431 487 2466 vero,
510 2416 714 2467 libidines,
737 2415 953 2466 adulteria,
982 2415 1193 2465 lenocinia,
1223 2415 1499 2466 scortationes,

112 2483 344 2540 parricidia,
376 2483 569 2533 incestus,
600 2494 642 2525 et
675 2484 755 2525 alia
793 2483 991 2539 nequiora
1026 2484 1173 2523 Romae
1212 2492 1379 2538 peccata
1418 2499 1500 2525 non

112 2554 236 2592 sunt?
267 2552 354 2591 Aut
380 2551 412 2591 si
439 2559 548 2601 sunt,
570 2550 613 2591 in
640 2551 742 2591 urbe
771 2551 916 2601 Roma,
939 2550 980 2590 in
1011 2565 1102 2591 arce
1132 2550 1370 2602 sanctitatis,
1391 2567 1416 2592 a
1441 2551 1500 2592 vi-

111 2619 221 2660 cario
252 2618 418 2669 Christi,
451 2634 475 2658 a
514 2633 742 2659 successore
774 2618 902 2667 Petri,
933 2634 957 2658 a
991 2617 1242 2658 sanctissimo
1274 2619 1412 2669 Patre,
1443 2619 1500 2659 ita

111 2685 229 2727 facile
249 2696 290 2728 et
309 2687 465 2737 leviter,
487 2685 604 2742 quasi
625 2694 791 2742 peccata
811 2701 893 2727 non
914 2688 1008 2736 sint,
1029 2685 1128 2726 ferri
1147 2688 1349 2741 possunt?

170 2757 207 2796 O
236 2755 363 2797 sancti
396 2754 550 2797 Scribae
579 2763 620 2795 et
648 2753 859 2805 Pharisaei,
891 2753 1044 2809 quibus
1073 2754 1151 2795 ista
1180 2753 1370 2795 sanctitas
1400 2762 1496 2794 nota
