1799 3077
449 143 686 184 NOELLI
720 142 1184 185 CATECHISMUS.
1428 150 1512 191 227

179 256 242 296 Μ.
277 256 431 297 Verum
463 256 506 297 in
537 267 622 297 tam
651 271 884 297 aerumnosa
912 256 1066 313 pariter
1098 272 1145 298 ac
1176 256 1377 313 flagitiosa
1411 260 1508 312 vita,

118 332 356 379 provectam
377 333 540 365 aetatem
562 339 637 364 cur
658 325 776 365 Deus
796 324 837 365 in
859 324 1046 366 beneficii
1066 325 1157 366 loco
1176 325 1323 381 ponit?

177 393 233 432 A.
267 391 376 442 Quia
405 392 508 433 dum
541 407 711 433 suorum
745 392 929 443 miseriis,
957 401 1029 434 aet
1059 393 1360 435 calamitatibus
1389 410 1509 450 opem

119 460 214 509 fert,
238 459 302 500 vel
322 475 391 500 eos
411 459 454 500 in
475 469 536 501 tot
556 460 918 501 circumstantibus
948 461 1140 517 periculis
1171 470 1327 512 tuetur,
1350 471 1390 503 et
1410 478 1434 503 a
1454 463 1512 503 vi-

119 527 186 568 tiis
205 535 331 584 atque
351 529 527 584 peccatis
547 538 716 577 avocat3
750 538 970 586 paternum
991 529 1033 570 in
1061 546 1130 571 eos
1160 539 1208 571 ut
1237 530 1386 572 liberos
1417 547 1511 572 suos

119 595 319 646 animum,
341 596 753 653 benevolentiamque
774 596 965 638 declarat.

179 665 244 704 M.
278 664 405 715 Quid,
428 680 480 705 an
512 680 562 705 ex
593 664 797 705 contrario
828 664 1029 721 sequitur,
1051 681 1119 707 eos
1148 666 1302 722 quibus
1328 665 1409 707 cito
1438 677 1512 707 aut

120 741 216 773 ante
243 732 456 773 decursam
487 741 649 773 aetatem
672 732 757 773 vita
786 732 997 783 adimitur,
1019 743 1093 774 aut
1123 750 1228 790 quos
1258 734 1352 775 vitae
1385 734 1511 791 hujus

120 798 294 839 miseriae
314 808 440 855 atque
461 814 657 840 aerumnae
688 809 898 855 premunt,
921 800 962 840 in
984 801 1080 842 odio
1099 802 1214 857 apud
1235 803 1374 842 Deum
1394 806 1510 843 esse?

177 867 233 906 A.
268 865 385 906 Nihil
405 865 565 914 minus3
599 866 682 908 imo
702 883 787 923 quo
803 867 979 923 quisque
1000 867 1019 896 b
1033 869 1118 909 fere
1141 870 1234 910 Deo
1255 879 1315 910 est
1335 869 1509 919 charior,

120 950 169 975 eo
189 933 255 974 vel
274 934 443 990 gravius
469 935 585 976 malis
612 944 821 986 oneratur,
844 936 909 976 vel
939 936 1059 977 citius
1089 952 1140 977 ex
1168 937 1244 978 hac
1274 938 1372 988 vita,
1394 937 1511 993 quasi

121 1017 143 1043 e
164 1017 337 1052 carcere,
359 1018 384 1043 a
404 1004 498 1044 Deo
519 1012 713 1045 evocatus
733 1013 859 1060 atque
878 1004 1063 1056 emissus,
1085 1005 1262 1060 migrare
1283 1006 1395 1047 solet.

181 1073 244 1112 M.
277 1073 350 1112 An
381 1087 462 1113 non
484 1072 562 1114 ista
582 1072 745 1113 interim
766 1073 979 1114 veritatem
999 1074 1208 1130 fidemque
1234 1073 1512 1130 promissionis

122 1139 289 1181 Divinae
310 1140 517 1182 infirmare
537 1141 761 1183 videntur?

180 1209 235 1249 A.
270 1208 458 1250 Minime.
518 1211 660 1260 Quum
681 1209 789 1250 enim
811 1218 972 1250 terrena
991 1210 1109 1251 nobis
1129 1211 1237 1252 bona
1258 1212 1376 1252 Deus
1395 1210 1512 1267 polli-

121 1285 252 1328 cetur,
273 1278 350 1318 hac
381 1277 444 1318 vel
475 1286 618 1334 aperta
637 1277 733 1318 Cvel
764 1277 888 1319 tacita
917 1279 1156 1334 exceptione
1183 1294 1343 1336 semper
1363 1280 1509 1329 utitur,

122 1345 246 1386 modo
266 1360 317 1386 ne
338 1361 384 1386 ea
405 1345 550 1387 animis
570 1345 734 1387 interim
759 1345 907 1386 nostris
937 1346 1074 1387 minus
1101 1346 1295 1388 salutaria
1322 1348 1416 1399 sint,
1439 1357 1512 1389 aut

121 1413 357 1469 perniciosa.
420 1416 543 1455 Esset
570 1415 678 1456 enim
706 1414 826 1455 valde
855 1424 1170 1470 praeposterum,
1193 1426 1318 1472 atque
1348 1432 1512 1472 perver-

122 1497 229 1532 sum,
252 1482 329 1523 nisi
358 1482 506 1524 animae
537 1498 697 1539 semper
721 1482 964 1539 dpraecipua
993 1483 1097 1524 ratio
1128 1484 1364 1534 haberetur,
1385 1494 1510 1540 atque

123 1550 181 1591 ita
196 1551 407 1591 mundana
423 1551 639 1592 commoda
661 1551 721 1591 vel
739 1566 1054 1606 consequamur,
1076 1561 1092 1580 e
1106 1551 1168 1592 vel
1191 1552 1269 1594 illis
1284 1569 1509 1604 careamus,

124 1628 171 1658 ut
192 1634 281 1659 aevo
302 1618 549 1675 sempiterno
566 1619 675 1660 beati
696 1627 898 1675 perpetuo
918 1618 1118 1659 fruamur.

183 1686 246 1726 M.
279 1687 309 1726 J
311 1701 377 1726 am
409 1686 511 1742 quid
545 1687 597 1728 de
632 1686 723 1737 illis,
755 1686 829 1742 qui
860 1686 1109 1727 Parentibus
1144 1687 1512 1743 Magistratibusvc

125 1753 261 1795 minus
281 1754 553 1810 obsequentes
573 1755 742 1806 fuerint,
764 1764 838 1796 aut
860 1754 950 1795 illos
971 1754 1176 1806 violarint,
1198 1764 1271 1797 aut
1291 1756 1513 1798 occiderint

123 1823 261 1873 etiam,
283 1822 466 1863 dicemus
482 1825 498 1863 ?

181 1892 236 1932 A.
270 1891 528 1947 Hujusmodi
548 1891 633 1933 fere
663 1907 804 1933 omnes
825 1891 889 1932 vel
910 1891 1200 1936 ffoedissimam
1228 1892 1513 1934 miserrimam-

123 1975 206 2016 que
236 1959 362 2000 vitam
396 1960 649 2016 producunt,
681 1960 745 2001 vel
780 1975 870 2001 eam
900 1959 1121 2000 immaturo
1150 1960 1381 2016 acerboque
1410 1960 1512 2002 inte-

123 2028 222 2079 ritu,
244 2038 286 2070 et
315 2028 457 2069 infami
486 2038 616 2070 morte
637 2029 689 2070 de
709 2028 845 2069 medio
877 2027 1041 2077 sublati,
1065 2042 1139 2083 per
1160 2042 1368 2068 summum
1389 2028 1512 2068 dedc-

124 2111 197 2137 cus
226 2095 444 2137 amittunt:
480 2097 627 2153 Neque
659 2096 701 2137 in
738 2096 813 2136 hac
849 2095 974 2136 modo
1005 2094 1102 2144 vita,
1131 2095 1201 2135 sed
1229 2104 1269 2135 et
1298 2095 1340 2135 in
1367 2095 1510 2135 futuro

123 2174 144 2203 g
158 2163 307 2205 saeculo
327 2171 500 2205 aeternas
520 2164 742 2222 impietatis
758 2180 842 2204 suae
862 2178 1005 2219 poenas
1024 2171 1225 2218 perpetuo
1241 2162 1370 2205 luent.
1401 2162 1510 2201 Nam

125 2231 158 2272 si
188 2231 373 2272 homines
392 2247 416 2272 a
436 2232 554 2273 nobis
583 2231 862 2280 alienissimos,
884 2229 948 2271 vel
975 2229 1159 2270 inimicos
1178 2230 1199 2258 h
1215 2229 1337 2270 etiam
1369 2228 1514 2270 adver-

126 2299 335 2355 sariosque
366 2299 559 2356 capitales
590 2300 754 2349 laedere,
786 2299 940 2339 nedum
972 2297 1169 2347 occidere,
1192 2297 1272 2338 Dei
1291 2290 1511 2346 ⁴mandato,

125 2368 240 2423 quod
272 2369 458 2424 proxime
491 2368 692 2424 sequitur,
725 2367 1018 2424 prohibemur3
1063 2381 1188 2422 quam
1229 2365 1280 2406 sit
1314 2365 1432 2406 nobis
1460 2364 1513 2405 ab

125 2436 237 2476 omni
257 2435 299 2476 in
323 2445 513 2492 parentes
541 2436 707 2493 injuria,
729 2451 754 2477 a
772 2435 926 2491 quibus
945 2433 1043 2484 vita,
1065 2432 1373 2490 patrimonium,
1395 2432 1515 2473 liber-

169 2539 183 2552 ²³
201 2542 217 2564 2
235 2534 315 2573 Reg.
330 2533 409 2564 xxii.
426 2544 453 2564 1.
476 2535 560 2564 Psal.
579 2534 668 2564 xviii.
690 2544 719 2571 1,
737 2543 767 2572 2,
785 2543 816 2573 3.
840 2534 908 2564 Jer.
925 2533 991 2563 xiv.
1005 2532 1036 2562 8.
1063 2532 1146 2562 Heb.
1162 2532 1195 2562 ii.
1214 2541 1263 2572 15.
1366 2530 1380 2551 ι’
1402 2531 1477 2561 Job.
1493 2530 1519 2561 ἰ]

130 2596 180 2618 12.
196 2598 224 2618 v.
242 2595 290 2628 17.
315 2588 407 2619 Prov.
424 2588 470 2618 iii.
490 2597 539 2618 12.
564 2589 646 2619 Mat.
665 2598 694 2618 v.
710 2598 760 2625 10,
779 2596 827 2617 11.
936 2594 948 2606 ⁰
972 2587 1068 2617 Deut.
1086 2586 1197 2616 xxviii.
1214 2596 1243 2622 1,
1263 2595 1290 2616 z.
1316 2585 1404 2616 Esai.
1422 2584 1442 2614 i.
1463 2594 1513 2624 19,

128 2650 179 2672 20.
201 2643 268 2672 Jer.
285 2642 364 2672 xxii.
381 2651 413 2680 4,
433 2650 463 2681 5.
607 2642 620 2662 ‘¹
645 2643 727 2673 Mat.
744 2652 773 2672 v.
792 2651 843 2682 29.
860 2641 948 2672 xviii.
964 2641 995 2671 8.
1148 2646 1160 2659 '²
1185 2648 1201 2669 2
1221 2640 1301 2680 Reg.
1318 2640 1373 2669 vii.
1394 2648 1444 2676 14,
1468 2647 1515 2677 ¹5·

129 2703 145 2724 z
164 2696 238 2725 Cor.
257 2695 299 2725 vi.
314 2695 345 2725 8.
454 2694 465 2714 f
485 2696 588 2726 Exod.
609 2696 676 2726 xxi.
694 2703 741 2735 17.
765 2696 843 2726 Lev.
860 2705 914 2725 xx.
931 2704 962 2735 9.
988 2695 1086 2725 Dcut.
1103 2693 1160 2724 xii.
1179 2693 1228 2730 18,
1245 2695 1303 2724 &c.
1329 2694 1421 2723 Prov.
1438 2702 1513 2721 xxx.

131 2759 178 2788 17.
267 2756 280 2775 g
305 2750 385 2780 Mat.
403 2761 456 2780 xv.
473 2759 503 2788 4.
529 2751 621 2781 Rom.
640 2751 660 2780 i.
679 2760 732 2788 30,
750 2759 801 2788 32.
826 2750 895 2779 xiii.
915 2758 944 2786 2,
961 2757 989 2789 5.
1094 2748 1107 2768 ¹¹
1136 2748 1210 2778 LeV.
1226 2749 1291 2778 xix.
1311 2756 1359 2786 17.
1386 2746 1465 2776 Mat.
1484 2755 1512 2774 v,

132 2811 183 2837 21,
203 2804 259 2833 &a
285 2804 361 2834 Luc.
378 2804 423 2834 iii.
442 2813 488 2841 14.

789 2862 813 2889 Q
832 2848 857 2885 52
