1799 3077
474 115 705 156 NOELLI
738 114 1199 156 CATECHISMUS.
1446 119 1525 158 321

200 230 262 270 M.
296 231 437 280 Quum
470 244 543 270 nos
572 229 614 269 in
638 228 756 270 terris
777 243 1002 278 versemur,
1025 227 1180 269 Christi
1201 243 1299 270 vero
1318 244 1467 286 corpus
1487 232 1527 271 in

138 297 242 338 coelo
263 297 328 347 sit,
352 296 562 353 quomodo
582 296 669 337 fieri
691 305 840 352 potest,
862 296 976 352 quod
998 295 1108 336 dicis.

196 368 251 407 A.
285 367 452 407 Mentes
471 374 597 421 atque
623 364 781 405 animos
810 365 940 405 humo
969 364 1162 414 excitare,
1185 371 1257 404 ⁰et
1286 364 1326 404 in
1360 365 1525 416 coelum,

138 433 210 474 ubi
231 433 423 475 Christus
443 439 517 483 est,
540 447 615 488 per
636 431 784 473 Fidem
806 432 962 489 erigere
983 431 1193 473 debemus.

195 503 262 543 M.
293 500 538 557 Recipiendi
567 516 667 557 ergo
698 501 880 557 corporis
909 511 950 542 et
982 499 1192 557 sanguinis
1226 499 1434 542 Dominici
1463 516 1527 543 ra-

136 569 302 621 tionem,
326 569 432 610 Fide
452 577 637 611 constare
658 569 789 610 dicis?

193 639 249 678 A.
294 639 412 679 Sane.
474 638 584 678 Nam
619 653 749 693 quum
780 647 992 678 mortuum
1027 636 1241 679 Christum
1274 637 1523 689 Peredimus,

137 721 222 762 quo
240 721 314 747 nos
335 722 360 747 a
379 714 511 747 morte
530 705 746 753 liberaret;
777 706 1000 747 excitatum
1022 705 1134 757 item,
1158 721 1242 762 quo
1261 705 1378 747 nobis
1397 705 1525 746 vitam

135 774 388 831 acquirerem
422 774 715 830 redemptionis
745 790 820 831 per
840 783 1015 815 mortem
1036 790 1152 815 suam
1180 783 1323 831 partae,
1346 790 1393 815 ac
1413 774 1523 825 vitae,

134 842 403 898 omniumque
422 842 526 883 adeo
548 858 718 883 suorum
738 843 943 884 bonorum
967 842 1187 899 participes
1208 859 1280 884 nos
1299 843 1438 894 habet,
1461 859 1525 885 ea-

135 926 217 967 que
236 910 538 967 conjunctione‚
556 926 641 967 qua
660 920 799 968 caput,
818 920 858 952 et
878 920 897 949 <l
913 927 986 952 sua
1006 912 1191 953 membra
1206 912 1311 954 inter
1333 927 1374 953 se
1393 912 1524 953 cohae-

134 988 240 1030 rent,
261 995 422 1030 arcana,
451 979 705 1035 mirificaque
738 979 916 1036 Spiritus
947 979 1010 1021 sui
1039 980 1193 1022 virtute
1224 981 1300 1022 sibi
1329 980 1521 1037 copulat;

136 1047 194 1089 ita
213 1057 261 1089 ut
281 1063 356 1089 nos
376 1047 557 1104 corporis
577 1047 640 1089 sui
661 1048 859 1099 membra,
882 1057 922 1089 ct
952 1064 1003 1089 ex
1024 1049 1114 1105 ejus
1133 1064 1254 1090 carne
1283 1058 1408 1105 atque
1427 1049 1524 1090 ossi-

133 1117 213 1158 bus
234 1116 376 1167 simus,
398 1125 439 1158 et
458 1116 500 1157 in
522 1132 651 1157 unum
674 1131 769 1158 cum
790 1116 880 1173 ipso
895 1132 1045 1173 corpus
1065 1117 1348 1158 coalescamus.

192 1186 255 1226 M.
289 1187 361 1226 An
382 1201 480 1241 ergo
501 1194 548 1226 ut
566 1185 644 1226 ista
662 1185 898 1242 conjunctio
918 1185 1131 1237 efficiatur,
1154 1201 1302 1242 panem
1322 1195 1363 1227 et
1378 1186 1519 1227 vinum

133 1254 175 1294 in
192 1254 462 1296 substantiam
481 1253 614 1295 carnis
633 1263 675 1296 et
695 1254 905 1310 sanguinis
923 1254 1077 1296 Christi
1093 1255 1242 1296 mutari
1262 1254 1521 1311 imaginaris?

190 1324 246 1363 A.
278 1322 395 1364 Nihil
430 1338 536 1379 opus
575 1332 636 1364 est
674 1322 916 1379 hujusmodi
956 1323 1226 1364 mutationem
1259 1323 1520 1365 comminisci.

134 1392 243 1433 Nam
277 1401 318 1432 et
353 1407 477 1432 sacrae
515 1391 657 1443 literae,
692 1400 733 1433 et
762 1391 908 1448 optimi
937 1400 1062 1448 atque
1092 1392 1364 1448 antiquissimi
1398 1393 1519 1434 etiam

135 1462 389 1517 Interpretes
432 1460 581 1502 docent
621 1476 696 1517 per
726 1460 987 1517 Baptismum
1018 1460 1187 1502 ritidem
1230 1462 1413 1503 membra
1435 1463 1523 1503 'nos

132 1529 314 1585 corporis
337 1528 508 1579 Christi,
529 1538 570 1570 et
600 1544 651 1570 ex
682 1529 772 1586 ejus
801 1544 922 1570 carne
952 1540 1079 1585 atque
1109 1530 1269 1571 ossibus
1296 1545 1395 1581 esse,
1418 1541 1459 1572 et
1479 1531 1520 1572 in

133 1600 263 1640 unum
282 1612 377 1639 cum
408 1597 499 1654 ipso
518 1613 669 1654 corpus
688 1598 936 1646 coalescere;
969 1613 1063 1639 cum
1095 1598 1210 1639 nulla
1238 1598 1400 1640 interim
1432 1615 1521 1641 mu-
1554 1606 1557 1608 ’

133 1666 233 1708 tatio
253 1666 455 1722 ejusmodi
475 1666 518 1707 in
538 1682 647 1723 aqua
666 1666 755 1723 ipsa
774 1666 984 1709 efficiatur.

191 1735 254 1775 M.
287 1735 434 1791 Perge.

189 1804 247 1845 A.
285 1803 338 1843 In
372 1811 550 1859 utroque
582 1803 859 1852 sacramento,
893 1817 1030 1843 rerum
1067 1811 1330 1845 externarum
1363 1805 1520 1847 naturis

131 1885 212 1911 non
247 1870 431 1919 mutatis,
463 1869 535 1911 sed
564 1870 781 1911 accedente
801 1868 985 1910 SDivino
1017 1870 1158 1921 verbo,
1189 1870 1406 1928 gratiaque
1440 1888 1520 1914 coe-

130 1939 235 1989 lesti,
257 1954 305 1980 ea
324 1948 384 1980 est
414 1938 642 1989 efficientia,
665 1948 713 1979 ut
743 1937 862 1979 sicuti
892 1953 965 1993 per
997 1938 1259 1995 Baptismum
1291 1940 1414 1982 semel
1435 1946 1520 1982 tre-

129 2021 376 2061 generamur
395 2007 437 2048 in
460 2006 642 2057 Christo,
664 2016 705 2047 et
732 2006 774 2046 in
805 2006 895 2061 ejus
915 2021 1065 2062 corpus
1095 2006 1277 2063 primum
1308 2008 1424 2063 quasi
1455 2025 1520 2050 co-

129 2082 322 2129 optamur
347 2083 388 2116 et
417 2074 659 2122 inserimur3
692 2074 750 2116 ita
781 2075 955 2115 Coenam
991 2074 1253 2116 Dominicam
1284 2083 1305 2102 u
1321 2075 1398 2116 rite
1427 2091 1519 2132 per-

128 2139 337 2196 cipientes,
358 2143 538 2200 corporis
561 2152 602 2184 et
629 2142 840 2199 sanguinis
871 2142 935 2183 sui
968 2142 1223 2184 nutrimento
1254 2142 1376 2199 plane
1400 2143 1520 2185 Divi-

129 2224 197 2260 no,
220 2219 262 2251 et
281 2210 422 2252 salutis
441 2221 567 2268 atque
582 2210 899 2253 immortalitatis
918 2211 1168 2268 plenissimo,
1192 2212 1371 2268 Spiritus
1391 2213 1518 2254 sancti

129 2291 255 2332 opera
283 2277 402 2320 nobis
433 2278 748 2330 communicato,
770 2293 795 2320 a
818 2278 936 2320 nobis
954 2295 1052 2320 vero
1082 2279 1201 2331 Fide,
1224 2280 1342 2336 quasi
1372 2280 1519 2322 animae

129 2354 280 2387 nostrae
319 2362 403 2398 ore,
439 2355 626 2404 excepto,
661 2347 716 2389 ad
750 2356 946 2389 aeternam
976 2357 996 2377 x
1010 2348 1137 2390 vitam
1172 2348 1331 2405 jugiter
1359 2348 1519 2391 alamur

172 2507 185 2520 ⁰
200 2501 297 2532 Joan.
313 2502 355 2533 vi.
372 2501 425 2540 62,
442 2501 493 2541 64.
522 2503 629 2534 Colos.
644 2503 690 2533 iii.
707 2513 733 2533 ι.
758 2504 843 2534 Heb.
858 2504 901 2534 iv.
918 2512 968 2542 14,
987 2504 1035 2535 16.
1167 2512 1183 2531 Ρ
1197 2507 1292 2536 Joan.
1310 2506 1351 2536 vi.
1367 2514 1421 2546 35.
1443 2508 1517 2538 Act.

128 2554 170 2585 iv.
188 2565 238 2593 10,
256 2565 304 2587 12.
328 2557 423 2587 Rom.
438 2557 480 2586 iv.
499 2564 551 2594 24,
567 2566 618 2597 25.
641 2567 672 2588 v.
688 2557 719 2587 8.
743 2557 808 2588 xiv.
825 2567 856 2597 9.
966 2564 979 2583 ‘³
1001 2568 1012 2588 1
1033 2558 1107 2588 Cor.
1122 2558 1163 2589 vi.
1181 2567 1230 2599 15.
1251 2560 1307 2590 xii.
1327 2568 1376 2601 27.
1400 2562 1516 2601 Ephes.

128 2608 171 2639 iv.
188 2617 239 2649 15,
256 2609 304 2641 16.
327 2620 357 2640 v.
374 2620 426 2650 30.
595 2616 606 2630 Υ
623 2611 717 2640 Rom.
735 2610 776 2641 vi.
792 2620 824 2649 3.
860 2621 873 2641 1
893 2612 967 2642 Cor.
985 2612 1042 2642 xii.
1060 2621 1110 2649 12,
1131 2622 1178 2652 13.
1212 2614 1327 2653 Ephes.
1342 2614 1384 2645 iv.
1404 2624 1452 2656 15,
1469 2617 1517 2648 16.

127 2673 158 2693 v.
174 2673 228 2702 30.
252 2664 323 2694 Gal.
340 2664 386 2694 iii.
406 2673 456 2705 27.
523 2671 533 2684 ⁸
550 2664 666 2704 Ephes.
684 2675 714 2695 v.
732 2664 782 2695 26.
808 2665 879 2696 Gal.
897 2666 943 2696 iii.
961 2674 1011 2706 27.
1036 2666 1103 2697 Tit.
1120 2667 1166 2697 iii.
1184 2675 1214 2708 5.
1291 2673 1300 2689 2
1316 2669 1412 2700 Joan.
1426 2670 1472 2701 iii.
1485 2679 1515 2710 5.

128 2716 194 2747 Tit.
212 2717 256 2747 iii.
274 2726 303 2757 5.
414 2726 427 2738 ¹¹
443 2721 538 2748 Joan.
556 2719 595 2749 vi.
615 2726 672 2757 35,
691 2727 745 2758 51,
762 2727 816 2757 54,
835 2727 886 2759 55.
916 2730 926 2749 1
948 2721 1021 2750 Cor.
1035 2721 1077 2750 xi.
1097 2721 1148 2757 28,
1168 2730 1217 2761 29.
1333 2729 1347 2742 ¹
1362 2724 1458 2754 donn.
1475 2724 1516 2755 vi.

129 2779 182 2807 ει,
202 2779 255 2809 54,
273 2772 332 2802 &c-

188 2839 281 2864 vm..
307 2840 336 2865 1.
830 2841 857 2866 Y
