<?xml version="1.0" encoding="UTF-8"?>
<!DOCTYPE html PUBLIC "-//W3C//DTD XHTML 1.0 Transitional//EN"
    "http://www.w3.org/TR/xhtml1/DTD/xhtml1-transitional.dtd">
<html xmlns="http://www.w3.org/1999/xhtml" xml:lang="en" lang="en">
 <head>
  <title>
</title>
<meta http-equiv="Content-Type" content="text/html;charset=utf-8" />
  <meta name='ocr-system' content='tesseract 3.04.00' />
  <meta name='ocr-capabilities' content='ocr_page ocr_carea ocr_par ocr_line ocrx_word'/>
</head>
<body>
  <div class='ocr_page' id='page_1' title='image "./enchiridiontheol01rand_0196.png"; bbox 0 0 1799 3077; ppageno 0'>
   <div class='ocr_carea' id='block_1_1' title="bbox 90 411 287 526">
    <p class='ocr_par' dir='ltr' id='par_1_1' title="bbox 90 411 287 526">
     <span class='ocr_line' id='line_1_1' title="bbox 90 411 210 447; baseline -0.008 -8"><span class='ocrx_word' id='word_1_1' title='bbox 90 418 121 447; x_wconf 87' lang='lat'>4.</span> <span class='ocrx_word' id='word_1_2' title='bbox 134 411 210 447; x_wconf 84' lang='lat' dir='ltr'>Reg.</span> 
     </span>
     <span class='ocr_line' id='line_1_2' title="bbox 90 463 174 482; baseline -0.024 0"><span class='ocrx_word' id='word_1_3' title='bbox 90 463 174 482; x_wconf 85' lang='lat' dir='ltr'>xvlu.</span> 
     </span>
     <span class='ocr_line' id='line_1_3' title="bbox 93 492 287 526; baseline -0.015 0"><span class='ocrx_word' id='word_1_4' title='bbox 93 504 123 526; x_wconf 86' lang='lat'>2.</span> <span class='ocrx_word' id='word_1_5' title='bbox 135 497 203 524; x_wconf 80' lang='lat' dir='ltr'>Par.</span> <span class='ocrx_word' id='word_1_6' title='bbox 215 492 287 524; x_wconf 84' lang='lat' dir='ltr'>xvii.</span> 
     </span>
    </p>
   </div>
   <div class='ocr_carea' id='block_1_2' title="bbox 94 744 285 866">
    <p class='ocr_par' dir='ltr' id='par_1_2' title="bbox 94 744 285 866">
     <span class='ocr_line' id='line_1_4' title="bbox 94 744 217 792; baseline -0.008 -20"><span class='ocrx_word' id='word_1_7' title='bbox 94 752 126 782; x_wconf 89' lang='lat'>4.</span> <span class='ocrx_word' id='word_1_8' title='bbox 136 744 217 792; x_wconf 49' lang='lat' dir='ltr'>Reg-</span> 
     </span>
     <span class='ocr_line' id='line_1_5' title="bbox 95 797 180 816; baseline -0.012 -1"><span class='ocrx_word' id='word_1_9' title='bbox 95 797 180 816; x_wconf 83' lang='lat' dir='ltr'>xxul.</span> 
     </span>
     <span class='ocr_line' id='line_1_6' title="bbox 95 826 285 866; baseline -0.026 -7"><span class='ocrx_word' id='word_1_10' title='bbox 95 836 126 866; x_wconf 88' lang='lat'>4.</span> <span class='ocrx_word' id='word_1_11' title='bbox 140 830 217 866; x_wconf 86' lang='lat' dir='ltr'>Reg.</span> <span class='ocrx_word' id='word_1_12' title='bbox 235 826 285 855; x_wconf 84' lang='lat' dir='ltr'>xii.</span> 
     </span>
    </p>
   </div>
   <div class='ocr_carea' id='block_1_3' title="bbox 95 873 277 911">
    <p class='ocr_par' dir='ltr' id='par_1_3' title="bbox 95 873 277 911">
     <span class='ocr_line' id='line_1_7' title="bbox 95 873 277 911; baseline -0.016 -9"><span class='ocrx_word' id='word_1_13' title='bbox 95 880 128 911; x_wconf 89' lang='lat'>4.</span> <span class='ocrx_word' id='word_1_14' title='bbox 140 873 218 911; x_wconf 84' lang='lat' dir='ltr'>Reg.</span> <span class='ocrx_word' id='word_1_15' title='bbox 229 879 277 899; x_wconf 87' lang='lat' dir='ltr'>xx.</span> 
     </span>
    </p>
   </div>
   <div class='ocr_carea' id='block_1_4' title="bbox 302 138 1280 185">
    <p class='ocr_par' dir='ltr' id='par_1_4' title="bbox 302 138 1280 185">
     <span class='ocr_line' id='line_1_8' title="bbox 302 138 1280 185; baseline -0.006 0"><span class='ocrx_word' id='word_1_16' title='bbox 302 146 387 185; x_wconf 71' lang='lat'>182</span> <span class='ocrx_word' id='word_1_17' title='bbox 689 140 916 182; x_wconf 83' lang='lat' dir='ltr'>JUELLI</span> <span class='ocrx_word' id='word_1_18' title='bbox 950 138 1280 181; x_wconf 91' lang='lat' dir='ltr'>APOLOGIA.</span> 
     </span>
    </p>
   </div>
   <div class='ocr_carea' id='block_1_5' title="bbox 303 249 1715 2403">
    <p class='ocr_par' dir='ltr' id='par_1_5' title="bbox 303 249 1704 1660">
     <span class='ocr_line' id='line_1_9' title="bbox 303 249 1684 311; baseline -0.007 -13"><span class='ocrx_word' id='word_1_19' title='bbox 303 255 492 298; x_wconf 88' lang='lat' dir='ltr'>sordibus</span> <span class='ocrx_word' id='word_1_20' title='bbox 521 253 749 311; x_wconf 83' lang='lat' dir='ltr'>repurgari,</span> <span class='ocrx_word' id='word_1_21' title='bbox 776 252 942 294; x_wconf 83' lang='lat' dir='ltr'>accendi</span> <span class='ocrx_word' id='word_1_22' title='bbox 972 251 1142 302; x_wconf 88' lang='lat' dir='ltr'>lumina,</span> <span class='ocrx_word' id='word_1_23' title='bbox 1172 251 1334 292; x_wconf 87' lang='lat' dir='ltr'>suffitus</span> <span class='ocrx_word' id='word_1_24' title='bbox 1360 249 1529 299; x_wconf 87' lang='lat' dir='ltr'>adoleri,</span> <span class='ocrx_word' id='word_1_25' title='bbox 1550 257 1591 289; x_wconf 90' lang='lat' dir='ltr'>et</span> <span class='ocrx_word' id='word_1_26' title='bbox 1616 263 1684 289; x_wconf 88' lang='lat' dir='ltr'>ve-</span> 
     </span>
     <span class='ocr_line' id='line_1_10' title="bbox 304 316 1686 375; baseline -0.007 -9"><span class='ocrx_word' id='word_1_27' title='bbox 304 324 380 366; x_wconf 87' lang='lat' dir='ltr'>teri</span> <span class='ocrx_word' id='word_1_28' title='bbox 413 324 497 365; x_wconf 91' lang='lat' dir='ltr'>ritu</span> <span class='ocrx_word' id='word_1_29' title='bbox 532 337 646 364; x_wconf 85' lang='lat' dir='ltr'>sacra</span> <span class='ocrx_word' id='word_1_30' title='bbox 673 320 786 368; x_wconf 84' lang='lat' dir='ltr'>fieri;</span> <span class='ocrx_word' id='word_1_31' title='bbox 819 335 980 361; x_wconf 82' lang='lat' dir='ltr'>aeneum</span> <span class='ocrx_word' id='word_1_32' title='bbox 1009 319 1131 360; x_wconf 89' lang='lat' dir='ltr'>etiam</span> <span class='ocrx_word' id='word_1_33' title='bbox 1162 327 1406 375; x_wconf 85' lang='lat' dir='ltr'>serpentem,</span> <span class='ocrx_word' id='word_1_34' title='bbox 1439 316 1512 372; x_wconf 90' lang='lat' dir='ltr'>qui</span> <span class='ocrx_word' id='word_1_35' title='bbox 1543 325 1631 357; x_wconf 89' lang='lat' dir='ltr'>tum</span> <span class='ocrx_word' id='word_1_36' title='bbox 1661 331 1686 357; x_wconf 89' lang='lat' dir='ltr'>a</span> 
     </span>
     <span class='ocr_line' id='line_1_11' title="bbox 304 384 1689 449; baseline -0.007 -15"><span class='ocrx_word' id='word_1_37' title='bbox 304 392 460 449; x_wconf 87' lang='lat' dir='ltr'>populo</span> <span class='ocrx_word' id='word_1_38' title='bbox 489 390 614 446; x_wconf 85' lang='lat' dir='ltr'>impie</span> <span class='ocrx_word' id='word_1_39' title='bbox 634 389 859 438; x_wconf 84' lang='lat' dir='ltr'>colebatur,</span> <span class='ocrx_word' id='word_1_40' title='bbox 881 387 968 428; x_wconf 89' lang='lat' dir='ltr'>tolli</span> <span class='ocrx_word' id='word_1_41' title='bbox 989 397 1030 428; x_wconf 93' lang='lat' dir='ltr'>et</span> <span class='ocrx_word' id='word_1_42' title='bbox 1058 387 1100 428; x_wconf 93' lang='lat' dir='ltr'>in</span> <span class='ocrx_word' id='word_1_43' title='bbox 1127 387 1339 443; x_wconf 88' lang='lat' dir='ltr'>pulverem</span> <span class='ocrx_word' id='word_1_44' title='bbox 1367 384 1509 441; x_wconf 84' lang='lat' dir='ltr'>redigi.</span> <span class='ocrx_word' id='word_1_45' title='bbox 1568 385 1598 424; x_wconf 84' lang='lat' dir='ltr'><strong>J</strong></span> <span class='ocrx_word' id='word_1_46' title='bbox 1601 399 1689 425; x_wconf 87' lang='lat' dir='ltr'>osa-</span> 
     </span>
     <span class='ocr_line' id='line_1_12' title="bbox 305 452 1690 516; baseline -0.006 -15"><span class='ocrx_word' id='word_1_47' title='bbox 305 460 408 516; x_wconf 89' lang='lat' dir='ltr'>phat</span> <span class='ocrx_word' id='word_1_48' title='bbox 429 461 537 509; x_wconf 91' lang='lat' dir='ltr'>Rex,</span> <span class='ocrx_word' id='word_1_49' title='bbox 559 456 718 498; x_wconf 88' lang='lat' dir='ltr'>excelsa</span> <span class='ocrx_word' id='word_1_50' title='bbox 737 464 778 496; x_wconf 89' lang='lat' dir='ltr'>et</span> <span class='ocrx_word' id='word_1_51' title='bbox 806 455 934 505; x_wconf 90' lang='lat' dir='ltr'>lucos,</span> <span class='ocrx_word' id='word_1_52' title='bbox 955 455 1108 511; x_wconf 91' lang='lat' dir='ltr'>quibus</span> <span class='ocrx_word' id='word_1_53' title='bbox 1134 454 1324 511; x_wconf 88' lang='lat' dir='ltr'>impediri</span> <span class='ocrx_word' id='word_1_54' title='bbox 1346 453 1510 494; x_wconf 89' lang='lat' dir='ltr'>videbat</span> <span class='ocrx_word' id='word_1_55' title='bbox 1529 452 1690 493; x_wconf 90' lang='lat' dir='ltr'>cultum</span> 
     </span>
     <span class='ocr_line' id='line_1_13' title="bbox 307 520 1691 582; baseline -0.007 -13"><span class='ocrx_word' id='word_1_56' title='bbox 307 527 402 577; x_wconf 89' lang='lat' dir='ltr'>Dei,</span> <span class='ocrx_word' id='word_1_57' title='bbox 433 536 475 567; x_wconf 87' lang='lat' dir='ltr'>et</span> <span class='ocrx_word' id='word_1_58' title='bbox 507 524 709 582; x_wconf 89' lang='lat' dir='ltr'>populum</span> <span class='ocrx_word' id='word_1_59' title='bbox 741 539 766 564; x_wconf 89' lang='lat' dir='ltr'>a</span> <span class='ocrx_word' id='word_1_60' title='bbox 795 522 1002 564; x_wconf 89' lang='lat' dir='ltr'>communi</span> <span class='ocrx_word' id='word_1_61' title='bbox 1036 521 1204 577; x_wconf 88' lang='lat' dir='ltr'>templo,</span> <span class='ocrx_word' id='word_1_62' title='bbox 1233 521 1347 577; x_wconf 90' lang='lat' dir='ltr'>quod</span> <span class='ocrx_word' id='word_1_63' title='bbox 1377 530 1464 561; x_wconf 89' lang='lat' dir='ltr'>erat</span> <span class='ocrx_word' id='word_1_64' title='bbox 1494 520 1691 561; x_wconf 90' lang='lat' dir='ltr'>Hieroso-</span> 
     </span>
     <span class='ocr_line' id='line_1_14' title="bbox 306 586 1692 652; baseline -0.006 -17"><span class='ocrx_word' id='word_1_65' title='bbox 306 593 442 652; x_wconf 89' lang='lat' dir='ltr'>lymis,</span> <span class='ocrx_word' id='word_1_66' title='bbox 473 592 527 633; x_wconf 89' lang='lat' dir='ltr'>ad</span> <span class='ocrx_word' id='word_1_67' title='bbox 558 590 673 647; x_wconf 90' lang='lat' dir='ltr'>quod</span> <span class='ocrx_word' id='word_1_68' title='bbox 704 605 755 631; x_wconf 86' lang='lat' dir='ltr'>ex</span> <span class='ocrx_word' id='word_1_69' title='bbox 785 589 896 630; x_wconf 90' lang='lat' dir='ltr'>omni</span> <span class='ocrx_word' id='word_1_70' title='bbox 935 598 1052 645; x_wconf 90' lang='lat' dir='ltr'>parte</span> <span class='ocrx_word' id='word_1_71' title='bbox 1082 588 1221 644; x_wconf 85' lang='lat' dir='ltr'>Regni</span> <span class='ocrx_word' id='word_1_72' title='bbox 1251 587 1471 643; x_wconf 86' lang='lat' dir='ltr'>quotannis</span> <span class='ocrx_word' id='word_1_73' title='bbox 1507 586 1692 627; x_wconf 90' lang='lat' dir='ltr'>eundum</span> 
     </span>
     <span class='ocr_line' id='line_1_15' title="bbox 308 653 1694 717; baseline -0.007 -14"><span class='ocrx_word' id='word_1_74' title='bbox 308 671 409 711; x_wconf 82' lang='lat' dir='ltr'>erat,</span> <span class='ocrx_word' id='word_1_75' title='bbox 430 660 591 717; x_wconf 90' lang='lat' dir='ltr'>privata</span> <span class='ocrx_word' id='word_1_76' title='bbox 621 657 908 714; x_wconf 85' lang='lat' dir='ltr'>superstitione</span> <span class='ocrx_word' id='word_1_77' title='bbox 935 655 1114 706; x_wconf 89' lang='lat' dir='ltr'>retineri,</span> <span class='ocrx_word' id='word_1_78' title='bbox 1137 655 1283 696; x_wconf 88' lang='lat' dir='ltr'>evertit</span> <span class='ocrx_word' id='word_1_79' title='bbox 1311 663 1351 696; x_wconf 91' lang='lat' dir='ltr'>et</span> <span class='ocrx_word' id='word_1_80' title='bbox 1381 653 1558 695; x_wconf 86' lang='lat' dir='ltr'>sustulit.</span> <span class='ocrx_word' id='word_1_81' title='bbox 1618 654 1647 693; x_wconf 84' lang='lat' dir='ltr'><strong>J</strong></span> <span class='ocrx_word' id='word_1_82' title='bbox 1651 668 1694 693; x_wconf 95' lang='lat' dir='ltr'>o-</span> 
     </span>
     <span class='ocr_line' id='line_1_16' title="bbox 310 719 1693 782; baseline -0.007 -13"><span class='ocrx_word' id='word_1_83' title='bbox 310 729 386 770; x_wconf 87' lang='lat' dir='ltr'>sias</span> <span class='ocrx_word' id='word_1_84' title='bbox 408 729 502 769; x_wconf 87' lang='lat' dir='ltr'>Rex</span> <span class='ocrx_word' id='word_1_85' title='bbox 529 725 747 782; x_wconf 82' lang='lat' dir='ltr'>diligenter</span> <span class='ocrx_word' id='word_1_86' title='bbox 776 723 991 765; x_wconf 82' lang='lat' dir='ltr'>admonuit</span> <span class='ocrx_word' id='word_1_87' title='bbox 1024 722 1261 764; x_wconf 85' lang='lat' dir='ltr'>Sacerdotes</span> <span class='ocrx_word' id='word_1_88' title='bbox 1288 731 1329 762; x_wconf 91' lang='lat' dir='ltr'>et</span> <span class='ocrx_word' id='word_1_89' title='bbox 1359 721 1588 777; x_wconf 87' lang='lat' dir='ltr'>Episcopos</span> <span class='ocrx_word' id='word_1_90' title='bbox 1607 719 1693 760; x_wconf 90' lang='lat' dir='ltr'>offi-</span> 
     </span>
     <span class='ocr_line' id='line_1_17' title="bbox 310 787 1695 847; baseline -0.006 -10"><span class='ocrx_word' id='word_1_91' title='bbox 310 796 360 837; x_wconf 88' lang='lat' dir='ltr'>cii</span> <span class='ocrx_word' id='word_1_92' title='bbox 381 795 467 843; x_wconf 85' lang='lat' dir='ltr'>sui;</span> <span class='ocrx_word' id='word_1_93' title='bbox 501 796 603 835; x_wconf 82' lang='lat' dir='ltr'>Joas</span> <span class='ocrx_word' id='word_1_94' title='bbox 625 794 719 833; x_wconf 89' lang='lat' dir='ltr'>Rex</span> <span class='ocrx_word' id='word_1_95' title='bbox 746 791 937 847; x_wconf 87' lang='lat' dir='ltr'>repressit</span> <span class='ocrx_word' id='word_1_96' title='bbox 967 790 1115 831; x_wconf 87' lang='lat' dir='ltr'>luxum</span> <span class='ocrx_word' id='word_1_97' title='bbox 1145 798 1185 831; x_wconf 89' lang='lat' dir='ltr'>et</span> <span class='ocrx_word' id='word_1_98' title='bbox 1211 789 1467 830; x_wconf 84' lang='lat' dir='ltr'>insolentiam</span> <span class='ocrx_word' id='word_1_99' title='bbox 1500 787 1695 829; x_wconf 85' lang='lat' dir='ltr'>Sacerdo-</span> 
     </span>
     <span class='ocr_line' id='line_1_18' title="bbox 311 856 1695 916; baseline -0.007 -12"><span class='ocrx_word' id='word_1_100' title='bbox 311 874 426 911; x_wconf 80' lang='lat' dir='ltr'>tum3</span> <span class='ocrx_word' id='word_1_101' title='bbox 460 864 489 903; x_wconf 85' lang='lat' dir='ltr'>J</span> <span class='ocrx_word' id='word_1_102' title='bbox 493 862 574 902; x_wconf 86' lang='lat' dir='ltr'>ehu</span> <span class='ocrx_word' id='word_1_103' title='bbox 599 860 746 916; x_wconf 88' lang='lat' dir='ltr'>impios</span> <span class='ocrx_word' id='word_1_104' title='bbox 774 859 1006 915; x_wconf 86' lang='lat' dir='ltr'>Prophetas</span> <span class='ocrx_word' id='word_1_105' title='bbox 1033 857 1120 898; x_wconf 90' lang='lat' dir='ltr'>neci</span> <span class='ocrx_word' id='word_1_106' title='bbox 1151 857 1276 898; x_wconf 87' lang='lat' dir='ltr'>dedit.</span> <span class='ocrx_word' id='word_1_107' title='bbox 1336 859 1409 907; x_wconf 92' lang='lat' dir='ltr'>Et,</span> <span class='ocrx_word' id='word_1_108' title='bbox 1431 872 1482 897; x_wconf 94' lang='lat' dir='ltr'>ne</span> <span class='ocrx_word' id='word_1_109' title='bbox 1503 856 1623 912; x_wconf 88' lang='lat' dir='ltr'>plura</span> <span class='ocrx_word' id='word_1_110' title='bbox 1643 870 1695 896; x_wconf 88' lang='lat' dir='ltr'>ex</span> 
     </span>
     <span class='ocr_line' id='line_1_19' title="bbox 312 922 1696 984; baseline -0.007 -12"><span class='ocrx_word' id='word_1_111' title='bbox 312 930 433 972; x_wconf 88' lang='lat' dir='ltr'>sacris</span> <span class='ocrx_word' id='word_1_112' title='bbox 479 927 702 984; x_wconf 88' lang='lat' dir='ltr'>Scripturis</span> <span class='ocrx_word' id='word_1_113' title='bbox 744 926 933 982; x_wconf 88' lang='lat' dir='ltr'>exempla</span> <span class='ocrx_word' id='word_1_114' title='bbox 973 939 1353 974; x_wconf 86' lang='lat' dir='ltr'>commemoremus,</span> <span class='ocrx_word' id='word_1_115' title='bbox 1393 940 1440 965; x_wconf 90' lang='lat' dir='ltr'>ac</span> <span class='ocrx_word' id='word_1_116' title='bbox 1484 922 1622 979; x_wconf 89' lang='lat' dir='ltr'>potius</span> <span class='ocrx_word' id='word_1_117' title='bbox 1670 936 1696 961; x_wconf 79' lang='lat' dir='ltr'>a.</span> 
     </span>
     <span class='ocr_line' id='line_1_20' title="bbox 313 989 1698 1050; baseline -0.007 -11"><span class='ocrx_word' id='word_1_118' title='bbox 313 997 480 1040; x_wconf 88' lang='lat' dir='ltr'>Christo</span> <span class='ocrx_word' id='word_1_119' title='bbox 509 1004 606 1036; x_wconf 90' lang='lat' dir='ltr'>nato</span> <span class='ocrx_word' id='word_1_120' title='bbox 636 993 988 1050; x_wconf 89' lang='lat' dir='ltr'>quemadmodum</span> <span class='ocrx_word' id='word_1_121' title='bbox 1018 992 1058 1032; x_wconf 92' lang='lat' dir='ltr'>in</span> <span class='ocrx_word' id='word_1_122' title='bbox 1090 991 1321 1047; x_wconf 88' lang='lat' dir='ltr'>Evangelio</span> <span class='ocrx_word' id='word_1_123' title='bbox 1351 990 1535 1032; x_wconf 87' lang='lat' dir='ltr'>Ecclesia</span> <span class='ocrx_word' id='word_1_124' title='bbox 1569 989 1698 1030; x_wconf 89' lang='lat' dir='ltr'>admi-</span> 
     </span>
     <span class='ocr_line' id='line_1_21' title="bbox 313 1057 1700 1115; baseline -0.006 -8"><span class='ocrx_word' id='word_1_125' title='bbox 313 1066 484 1108; x_wconf 85' lang='lat' dir='ltr'>nistrata</span> <span class='ocrx_word' id='word_1_126' title='bbox 511 1063 575 1114; x_wconf 87' lang='lat' dir='ltr'>sit,</span> <span class='ocrx_word' id='word_1_127' title='bbox 597 1061 923 1104; x_wconf 88' lang='lat' dir='ltr'>consideremus:</span> <span class='ocrx_word' id='word_1_128' title='bbox 959 1059 1070 1101; x_wconf 87' lang='lat' dir='ltr'>Olim</span> <span class='ocrx_word' id='word_1_129' title='bbox 1092 1060 1368 1115; x_wconf 89' lang='lat' dir='ltr'>Imperatores</span> <span class='ocrx_word' id='word_1_130' title='bbox 1390 1057 1612 1100; x_wconf 84' lang='lat' dir='ltr'>Christiani</span> <span class='ocrx_word' id='word_1_131' title='bbox 1638 1057 1700 1098; x_wconf 90' lang='lat' dir='ltr'>in-</span> 
     </span>
     <span class='ocr_line' id='line_1_22' title="bbox 314 1126 1697 1187; baseline -0.007 -12"><span class='ocrx_word' id='word_1_132' title='bbox 314 1133 506 1175; x_wconf 85' lang='lat' dir='ltr'>dicebant</span> <span class='ocrx_word' id='word_1_133' title='bbox 538 1130 843 1187; x_wconf 88' lang='lat' dir='ltr'>Episcoporum</span> <span class='ocrx_word' id='word_1_134' title='bbox 878 1127 1085 1176; x_wconf 81' lang='lat' dir='ltr'>Concilia3</span> <span class='ocrx_word' id='word_1_135' title='bbox 1123 1127 1431 1177; x_wconf 87' lang='lat' dir='ltr'>Constantinus,</span> <span class='ocrx_word' id='word_1_136' title='bbox 1466 1126 1697 1173; x_wconf 80' lang='lat' dir='ltr'>Nicenum3</span> 
     </span>
     <span class='ocr_line' id='line_1_23' title="bbox 317 1194 1702 1254; baseline -0.006 -11"><span class='ocrx_word' id='word_1_137' title='bbox 317 1199 581 1243; x_wconf 88' lang='lat' dir='ltr'>Theodosius</span> <span class='ocrx_word' id='word_1_138' title='bbox 601 1198 774 1254; x_wconf 87' lang='lat' dir='ltr'>primus,</span> <span class='ocrx_word' id='word_1_139' title='bbox 796 1194 1322 1252; x_wconf 84' lang='lat' dir='ltr'>Const.antinopolitanum;</span> <span class='ocrx_word' id='word_1_140' title='bbox 1357 1194 1618 1235; x_wconf 87' lang='lat' dir='ltr'>Theodosius</span> <span class='ocrx_word' id='word_1_141' title='bbox 1642 1209 1702 1234; x_wconf 90' lang='lat' dir='ltr'>se-</span> 
     </span>
     <span class='ocr_line' id='line_1_24' title="bbox 316 1262 1701 1322; baseline -0.006 -12"><span class='ocrx_word' id='word_1_142' title='bbox 316 1268 492 1318; x_wconf 90' lang='lat' dir='ltr'>cundus,</span> <span class='ocrx_word' id='word_1_143' title='bbox 525 1265 812 1322; x_wconf 76' lang='lat' dir='ltr'>Ephesinum,</span> <span class='ocrx_word' id='word_1_144' title='bbox 858 1263 1108 1313; x_wconf 84' lang='lat' dir='ltr'>Martianus,</span> <span class='ocrx_word' id='word_1_145' title='bbox 1145 1262 1491 1313; x_wconf 85' lang='lat' dir='ltr'>Chalcedonense,</span> <span class='ocrx_word' id='word_1_146' title='bbox 1522 1276 1701 1317; x_wconf 86' lang='lat' dir='ltr'>cumque</span> 
     </span>
     <span class='ocr_line' id='line_1_25' title="bbox 318 1329 1702 1389; baseline -0.006 -13"><span class='ocrx_word' id='word_1_147' title='bbox 318 1335 514 1377; x_wconf 86' lang='lat' dir='ltr'>Ruffinus</span> <span class='ocrx_word' id='word_1_148' title='bbox 533 1333 746 1388; x_wconf 86' lang='lat' dir='ltr'>allegasset</span> <span class='ocrx_word' id='word_1_149' title='bbox 769 1331 998 1389; x_wconf 87' lang='lat' dir='ltr'>Synodum,</span> <span class='ocrx_word' id='word_1_150' title='bbox 1015 1330 1132 1386; x_wconf 88' lang='lat' dir='ltr'>quasi</span> <span class='ocrx_word' id='word_1_151' title='bbox 1153 1346 1247 1386; x_wconf 90' lang='lat' dir='ltr'>quae</span> <span class='ocrx_word' id='word_1_152' title='bbox 1267 1346 1343 1386; x_wconf 88' lang='lat' dir='ltr'>pro</span> <span class='ocrx_word' id='word_1_153' title='bbox 1364 1346 1405 1371; x_wconf 91' lang='lat' dir='ltr'>se</span> <span class='ocrx_word' id='word_1_154' title='bbox 1424 1330 1589 1379; x_wconf 88' lang='lat' dir='ltr'>faceret,</span> <span class='ocrx_word' id='word_1_155' title='bbox 1611 1329 1702 1384; x_wconf 87' lang='lat' dir='ltr'>ejus</span> 
     </span>
     <span class='ocr_line' id='line_1_26' title="bbox 318 1396 1700 1456; baseline -0.004 -13"><span class='ocrx_word' id='word_1_156' title='bbox 318 1401 575 1444; x_wconf 86' lang='lat' dir='ltr'>adversarius</span> <span class='ocrx_word' id='word_1_157' title='bbox 607 1400 906 1456; x_wconf 84' lang='lat' dir='ltr'>Hieronymus,</span> <span class='ocrx_word' id='word_1_158' title='bbox 939 1408 986 1440; x_wconf 92' lang='lat' dir='ltr'>ut</span> <span class='ocrx_word' id='word_1_159' title='bbox 1018 1413 1113 1439; x_wconf 90' lang='lat' dir='ltr'>eum</span> <span class='ocrx_word' id='word_1_160' title='bbox 1143 1398 1356 1448; x_wconf 89' lang='lat' dir='ltr'>refutaret,</span> <span class='ocrx_word' id='word_1_161' title='bbox 1387 1399 1516 1447; x_wconf 84' lang='lat' dir='ltr'>Doce,</span> <span class='ocrx_word' id='word_1_162' title='bbox 1551 1396 1700 1451; x_wconf 86' lang='lat' dir='ltr'>inquit,</span> 
     </span>
     <span class='ocr_line' id='line_1_27' title="bbox 319 1464 1702 1526; baseline -0.004 -16"><span class='ocrx_word' id='word_1_163' title='bbox 319 1470 413 1526; x_wconf 89' lang='lat' dir='ltr'>quis</span> <span class='ocrx_word' id='word_1_164' title='bbox 433 1484 522 1510; x_wconf 84' lang='lat' dir='ltr'>eam</span> <span class='ocrx_word' id='word_1_165' title='bbox 545 1470 780 1524; x_wconf 85' lang='lat' dir='ltr'>Imperator</span> <span class='ocrx_word' id='word_1_166' title='bbox 797 1466 966 1523; x_wconf 86' lang='lat' dir='ltr'>jusserit</span> <span class='ocrx_word' id='word_1_167' title='bbox 985 1466 1209 1507; x_wconf 90' lang='lat' dir='ltr'>convocari.</span> <span class='ocrx_word' id='word_1_168' title='bbox 1272 1466 1389 1506; x_wconf 91' lang='lat' dir='ltr'>Idem</span> <span class='ocrx_word' id='word_1_169' title='bbox 1411 1465 1454 1505; x_wconf 91' lang='lat' dir='ltr'>in</span> <span class='ocrx_word' id='word_1_170' title='bbox 1475 1464 1702 1520; x_wconf 89' lang='lat' dir='ltr'>Epitaphio</span> 
     </span>
     <span class='ocr_line' id='line_1_28' title="bbox 322 1531 1704 1590; baseline -0.005 -11"><span class='ocrx_word' id='word_1_171' title='bbox 322 1537 465 1579; x_wconf 85' lang='lat' dir='ltr'>Paulae</span> <span class='ocrx_word' id='word_1_172' title='bbox 498 1536 596 1577; x_wconf 86' lang='lat' dir='ltr'>citat</span> <span class='ocrx_word' id='word_1_173' title='bbox 635 1535 772 1575; x_wconf 91' lang='lat' dir='ltr'>literas</span> <span class='ocrx_word' id='word_1_174' title='bbox 809 1536 1127 1590; x_wconf 84' lang='lat' dir='ltr'>Imperatorum,</span> <span class='ocrx_word' id='word_1_175' title='bbox 1160 1533 1233 1589; x_wconf 91' lang='lat' dir='ltr'>qui</span> <span class='ocrx_word' id='word_1_176' title='bbox 1268 1533 1496 1589; x_wconf 88' lang='lat' dir='ltr'>Episcopos</span> <span class='ocrx_word' id='word_1_177' title='bbox 1531 1531 1704 1573; x_wconf 86' lang='lat' dir='ltr'>Latinos</span> 
     </span>
     <span class='ocr_line' id='line_1_29' title="bbox 323 1600 1202 1660; baseline -0.009 -12"><span class='ocrx_word' id='word_1_178' title='bbox 323 1607 575 1660; x_wconf 85' lang='lat' dir='ltr'>Graecosque</span> <span class='ocrx_word' id='word_1_179' title='bbox 595 1604 772 1644; x_wconf 90' lang='lat' dir='ltr'>Romam</span> <span class='ocrx_word' id='word_1_180' title='bbox 793 1601 978 1642; x_wconf 88' lang='lat' dir='ltr'>accersiri</span> <span class='ocrx_word' id='word_1_181' title='bbox 994 1600 1202 1657; x_wconf 88' lang='lat' dir='ltr'>jusserint.</span> 
     </span>
    </p>

    <p class='ocr_par' dir='ltr' id='par_1_6' title="bbox 323 1666 1714 2269">
     <span class='ocr_line' id='line_1_30' title="bbox 380 1666 1706 1726; baseline -0.005 -13"><span class='ocrx_word' id='word_1_182' title='bbox 380 1672 560 1714; x_wconf 88' lang='lat' dir='ltr'>Omnino</span> <span class='ocrx_word' id='word_1_183' title='bbox 593 1686 668 1726; x_wconf 89' lang='lat' dir='ltr'>per</span> <span class='ocrx_word' id='word_1_184' title='bbox 701 1685 830 1711; x_wconf 89' lang='lat' dir='ltr'>annos</span> <span class='ocrx_word' id='word_1_185' title='bbox 864 1668 1112 1724; x_wconf 86' lang='lat' dir='ltr'>quingentos</span> <span class='ocrx_word' id='word_1_186' title='bbox 1148 1669 1380 1724; x_wconf 87' lang='lat' dir='ltr'>Imperator</span> <span class='ocrx_word' id='word_1_187' title='bbox 1414 1667 1524 1708; x_wconf 87' lang='lat' dir='ltr'>solus</span> <span class='ocrx_word' id='word_1_188' title='bbox 1557 1666 1706 1723; x_wconf 87' lang='lat' dir='ltr'>agebat</span> 
     </span>
     <span class='ocr_line' id='line_1_31' title="bbox 323 1735 1706 1792; baseline -0.005 -11"><span class='ocrx_word' id='word_1_189' title='bbox 323 1748 547 1782; x_wconf 83' lang='lat' dir='ltr'>conventus</span> <span class='ocrx_word' id='word_1_190' title='bbox 568 1753 714 1788; x_wconf 87' lang='lat' dir='ltr'>sacros,</span> <span class='ocrx_word' id='word_1_191' title='bbox 732 1746 773 1777; x_wconf 89' lang='lat' dir='ltr'>et</span> <span class='ocrx_word' id='word_1_192' title='bbox 793 1736 1097 1792; x_wconf 88' lang='lat' dir='ltr'>Episcoporum</span> <span class='ocrx_word' id='word_1_193' title='bbox 1120 1735 1303 1776; x_wconf 88' lang='lat' dir='ltr'>Concilia</span> <span class='ocrx_word' id='word_1_194' title='bbox 1323 1735 1564 1776; x_wconf 90' lang='lat' dir='ltr'>celebrabat.</span> <span class='ocrx_word' id='word_1_195' title='bbox 1612 1735 1706 1784; x_wconf 83' lang='lat' dir='ltr'>Quo</span> 
     </span>
     <span class='ocr_line' id='line_1_32' title="bbox 323 1800 1707 1864; baseline -0.006 -15"><span class='ocrx_word' id='word_1_196' title='bbox 323 1808 455 1864; x_wconf 86' lang='lat' dir='ltr'>magis</span> <span class='ocrx_word' id='word_1_197' title='bbox 470 1821 580 1847; x_wconf 87' lang='lat' dir='ltr'>nunc</span> <span class='ocrx_word' id='word_1_198' title='bbox 601 1805 798 1845; x_wconf 87' lang='lat' dir='ltr'>miramur</span> <span class='ocrx_word' id='word_1_199' title='bbox 817 1803 1170 1860; x_wconf 87' lang='lat' dir='ltr'>importunitatem</span> <span class='ocrx_word' id='word_1_200' title='bbox 1191 1802 1387 1858; x_wconf 85' lang='lat' dir='ltr'>Episcopi</span> <span class='ocrx_word' id='word_1_201' title='bbox 1409 1801 1602 1850; x_wconf 88' lang='lat' dir='ltr'>Romani,</span> <span class='ocrx_word' id='word_1_202' title='bbox 1619 1800 1707 1856; x_wconf 89' lang='lat' dir='ltr'>qui,</span> 
     </span>
     <span class='ocr_line' id='line_1_33' title="bbox 326 1869 1709 1931; baseline -0.006 -15"><span class='ocrx_word' id='word_1_203' title='bbox 326 1875 439 1931; x_wconf 91' lang='lat' dir='ltr'>quod</span> <span class='ocrx_word' id='word_1_204' title='bbox 470 1874 581 1924; x_wconf 87' lang='lat' dir='ltr'>sciat,</span> <span class='ocrx_word' id='word_1_205' title='bbox 609 1872 778 1928; x_wconf 83' lang='lat' dir='ltr'>integris</span> <span class='ocrx_word' id='word_1_206' title='bbox 807 1872 945 1922; x_wconf 82' lang='lat' dir='ltr'>rebus,</span> <span class='ocrx_word' id='word_1_207' title='bbox 967 1870 1093 1912; x_wconf 85' lang='lat' dir='ltr'>fuisse</span> <span class='ocrx_word' id='word_1_208' title='bbox 1107 1871 1178 1926; x_wconf 83' lang='lat' dir='ltr'>jus</span> <span class='ocrx_word' id='word_1_209' title='bbox 1200 1869 1479 1925; x_wconf 88' lang='lat' dir='ltr'>Imperatoris,</span> <span class='ocrx_word' id='word_1_210' title='bbox 1501 1884 1610 1909; x_wconf 91' lang='lat' dir='ltr'>nunc</span> <span class='ocrx_word' id='word_1_211' title='bbox 1637 1883 1709 1909; x_wconf 91' lang='lat' dir='ltr'>au-</span> 
     </span>
     <span class='ocr_line' id='line_1_34' title="bbox 327 1935 1710 1998; baseline -0.007 -14"><span class='ocrx_word' id='word_1_212' title='bbox 327 1954 408 1984; x_wconf 88' lang='lat' dir='ltr'>tem</span> <span class='ocrx_word' id='word_1_213' title='bbox 430 1950 650 1998; x_wconf 89' lang='lat' dir='ltr'>postquam</span> <span class='ocrx_word' id='word_1_214' title='bbox 671 1941 809 1996; x_wconf 86' lang='lat' dir='ltr'>Reges</span> <span class='ocrx_word' id='word_1_215' title='bbox 828 1939 869 1979; x_wconf 90' lang='lat' dir='ltr'>in</span> <span class='ocrx_word' id='word_1_216' title='bbox 890 1947 1050 1995; x_wconf 88' lang='lat' dir='ltr'>partem</span> <span class='ocrx_word' id='word_1_217' title='bbox 1072 1939 1271 1978; x_wconf 86' lang='lat' dir='ltr'>Caesareae</span> <span class='ocrx_word' id='word_1_218' title='bbox 1296 1936 1518 1992; x_wconf 83' lang='lat' dir='ltr'>majestatis</span> <span class='ocrx_word' id='word_1_219' title='bbox 1537 1935 1710 1976; x_wconf 88' lang='lat' dir='ltr'>devene-</span> 
     </span>
     <span class='ocr_line' id='line_1_35' title="bbox 328 2003 1710 2064; baseline -0.005 -13"><span class='ocrx_word' id='word_1_220' title='bbox 328 2019 441 2060; x_wconf 88' lang='lat' dir='ltr'>runt,</span> <span class='ocrx_word' id='word_1_221' title='bbox 463 2024 547 2050; x_wconf 88' lang='lat' dir='ltr'>esse</span> <span class='ocrx_word' id='word_1_222' title='bbox 571 2009 642 2064; x_wconf 84' lang='lat' dir='ltr'>jus</span> <span class='ocrx_word' id='word_1_223' title='bbox 671 2022 888 2049; x_wconf 90' lang='lat' dir='ltr'>commune</span> <span class='ocrx_word' id='word_1_224' title='bbox 914 2006 1098 2048; x_wconf 89' lang='lat' dir='ltr'>omnium</span> <span class='ocrx_word' id='word_1_225' title='bbox 1121 2004 1376 2060; x_wconf 88' lang='lat' dir='ltr'>Principum,</span> <span class='ocrx_word' id='word_1_226' title='bbox 1398 2003 1440 2044; x_wconf 90' lang='lat' dir='ltr'>id</span> <span class='ocrx_word' id='word_1_227' title='bbox 1470 2003 1527 2044; x_wconf 90' lang='lat' dir='ltr'>ita</span> <span class='ocrx_word' id='word_1_228' title='bbox 1558 2012 1710 2044; x_wconf 85' lang='lat' dir='ltr'>temere</span> 
     </span>
     <span class='ocr_line' id='line_1_36' title="bbox 329 2070 1711 2129; baseline -0.006 -11"><span class='ocrx_word' id='word_1_229' title='bbox 329 2078 402 2119; x_wconf 90' lang='lat' dir='ltr'>uni</span> <span class='ocrx_word' id='word_1_230' title='bbox 432 2076 636 2118; x_wconf 87' lang='lat' dir='ltr'>adscribat</span> <span class='ocrx_word' id='word_1_231' title='bbox 667 2075 756 2126; x_wconf 87' lang='lat' dir='ltr'>sibi,</span> <span class='ocrx_word' id='word_1_232' title='bbox 779 2085 820 2116; x_wconf 90' lang='lat' dir='ltr'>et</span> <span class='ocrx_word' id='word_1_233' title='bbox 852 2075 947 2116; x_wconf 90' lang='lat' dir='ltr'>satis</span> <span class='ocrx_word' id='word_1_234' title='bbox 974 2089 1058 2115; x_wconf 90' lang='lat' dir='ltr'>esse</span> <span class='ocrx_word' id='word_1_235' title='bbox 1088 2082 1208 2129; x_wconf 88' lang='lat' dir='ltr'>putet</span> <span class='ocrx_word' id='word_1_236' title='bbox 1228 2072 1480 2112; x_wconf 83' lang='lat' dir='ltr'>voluntatem</span> <span class='ocrx_word' id='word_1_237' title='bbox 1514 2086 1629 2111; x_wconf 90' lang='lat' dir='ltr'>suam</span> <span class='ocrx_word' id='word_1_238' title='bbox 1659 2070 1711 2110; x_wconf 87' lang='lat' dir='ltr'>de</span> 
     </span>
     <span class='ocr_line' id='line_1_37' title="bbox 330 2138 1714 2197; baseline -0.005 -12"><span class='ocrx_word' id='word_1_239' title='bbox 330 2144 521 2185; x_wconf 83' lang='lat' dir='ltr'>habendo</span> <span class='ocrx_word' id='word_1_240' title='bbox 553 2143 737 2186; x_wconf 88' lang='lat' dir='ltr'>Concilio</span> <span class='ocrx_word' id='word_1_241' title='bbox 768 2157 863 2183; x_wconf 91' lang='lat' dir='ltr'>cum</span> <span class='ocrx_word' id='word_1_242' title='bbox 896 2141 1087 2197; x_wconf 90' lang='lat' dir='ltr'>Principe</span> <span class='ocrx_word' id='word_1_243' title='bbox 1118 2140 1228 2181; x_wconf 90' lang='lat' dir='ltr'>orbis</span> <span class='ocrx_word' id='word_1_244' title='bbox 1260 2149 1462 2180; x_wconf 87' lang='lat' dir='ltr'>terrarum</span> <span class='ocrx_word' id='word_1_245' title='bbox 1491 2138 1594 2189; x_wconf 88' lang='lat' dir='ltr'>viro,</span> <span class='ocrx_word' id='word_1_246' title='bbox 1625 2146 1714 2179; x_wconf 90' lang='lat' dir='ltr'>tan-</span> 
     </span>
     <span class='ocr_line' id='line_1_38' title="bbox 332 2209 1175 2269; baseline -0.007 -15"><span class='ocrx_word' id='word_1_247' title='bbox 332 2228 457 2269; x_wconf 90' lang='lat' dir='ltr'>quam</span> <span class='ocrx_word' id='word_1_248' title='bbox 479 2228 572 2253; x_wconf 93' lang='lat' dir='ltr'>cum</span> <span class='ocrx_word' id='word_1_249' title='bbox 594 2211 750 2252; x_wconf 88' lang='lat' dir='ltr'>famulo</span> <span class='ocrx_word' id='word_1_250' title='bbox 771 2226 845 2252; x_wconf 89' lang='lat' dir='ltr'>suo</span> <span class='ocrx_word' id='word_1_251' title='bbox 865 2209 1175 2251; x_wconf 89' lang='lat' dir='ltr'>communicare.</span> 
     </span>
    </p>

    <p class='ocr_par' dir='ltr' id='par_1_7' title="bbox 334 2273 1715 2403">
     <span class='ocr_line' id='line_1_39' title="bbox 391 2273 1715 2334; baseline -0.005 -14"><span class='ocrx_word' id='word_1_252' title='bbox 391 2280 514 2330; x_wconf 84' lang='lat' dir='ltr'>Quod</span> <span class='ocrx_word' id='word_1_253' title='bbox 546 2279 577 2320; x_wconf 86' lang='lat' dir='ltr'>si</span> <span class='ocrx_word' id='word_1_254' title='bbox 605 2278 872 2334; x_wconf 88' lang='lat' dir='ltr'>Imperatoris</span> <span class='ocrx_word' id='word_1_255' title='bbox 893 2276 1146 2318; x_wconf 89' lang='lat' dir='ltr'>Ferdinandi</span> <span class='ocrx_word' id='word_1_256' title='bbox 1166 2275 1364 2316; x_wconf 86' lang='lat' dir='ltr'>modestia</span> <span class='ocrx_word' id='word_1_257' title='bbox 1395 2284 1509 2315; x_wconf 89' lang='lat' dir='ltr'>tanta</span> <span class='ocrx_word' id='word_1_258' title='bbox 1538 2282 1611 2324; x_wconf 90' lang='lat' dir='ltr'>est,</span> <span class='ocrx_word' id='word_1_259' title='bbox 1633 2273 1715 2313; x_wconf 90' lang='lat' dir='ltr'>for-</span> 
     </span>
     <span class='ocr_line' id='line_1_40' title="bbox 334 2341 1715 2403; baseline -0.007 -14"><span class='ocrx_word' id='word_1_260' title='bbox 334 2358 439 2390; x_wconf 88' lang='lat' dir='ltr'>tasse</span> <span class='ocrx_word' id='word_1_261' title='bbox 469 2347 583 2403; x_wconf 91' lang='lat' dir='ltr'>quod</span> <span class='ocrx_word' id='word_1_262' title='bbox 611 2356 718 2387; x_wconf 88' lang='lat' dir='ltr'>artes</span> <span class='ocrx_word' id='word_1_263' title='bbox 750 2344 986 2386; x_wconf 87' lang='lat' dir='ltr'>Pontificias</span> <span class='ocrx_word' id='word_1_264' title='bbox 1020 2359 1101 2384; x_wconf 91' lang='lat' dir='ltr'>non</span> <span class='ocrx_word' id='word_1_265' title='bbox 1130 2343 1224 2384; x_wconf 84' lang='lat' dir='ltr'>satis</span> <span class='ocrx_word' id='word_1_266' title='bbox 1254 2342 1375 2392; x_wconf 90' lang='lat' dir='ltr'>norit,</span> <span class='ocrx_word' id='word_1_267' title='bbox 1399 2352 1445 2382; x_wconf 88' lang='lat' dir='ltr'>ut</span> <span class='ocrx_word' id='word_1_268' title='bbox 1475 2342 1578 2382; x_wconf 89' lang='lat' dir='ltr'>hanc</span> <span class='ocrx_word' id='word_1_269' title='bbox 1607 2341 1715 2396; x_wconf 86' lang='lat' dir='ltr'>inju-</span> 
     </span>
    </p>
   </div>
   <div class='ocr_carea' id='block_1_6' title="bbox 122 2408 1715 2503">
    <p class='ocr_par' dir='ltr' id='par_1_8' title="bbox 122 2408 1715 2503">
     <span class='ocr_line' id='line_1_41' title="bbox 122 2408 1715 2470; baseline -0.008 -10"><span class='ocrx_word' id='word_1_270' title='bbox 122 2434 168 2462; x_wconf 84' lang='lat' dir='ltr'>Ut</span> <span class='ocrx_word' id='word_1_271' title='bbox 182 2430 254 2460; x_wconf 82' lang='lat' dir='ltr'>Pius</span> <span class='ocrx_word' id='word_1_272' title='bbox 270 2429 323 2457; x_wconf 90' lang='lat' dir='ltr'>IV.</span> <span class='ocrx_word' id='word_1_273' title='bbox 334 2417 436 2457; x_wconf 89' lang='lat' dir='ltr'>riam</span> <span class='ocrx_word' id='word_1_274' title='bbox 462 2415 570 2456; x_wconf 86' lang='lat' dir='ltr'>ferre</span> <span class='ocrx_word' id='word_1_275' title='bbox 599 2413 740 2470; x_wconf 86' lang='lat' dir='ltr'>possit,</span> <span class='ocrx_word' id='word_1_276' title='bbox 764 2412 958 2453; x_wconf 86' lang='lat' dir='ltr'>Pontifex</span> <span class='ocrx_word' id='word_1_277' title='bbox 983 2422 1118 2453; x_wconf 88' lang='lat' dir='ltr'>tamen</span> <span class='ocrx_word' id='word_1_278' title='bbox 1149 2426 1225 2466; x_wconf 93' lang='lat' dir='ltr'>pro</span> <span class='ocrx_word' id='word_1_279' title='bbox 1256 2425 1329 2450; x_wconf 89' lang='lat' dir='ltr'>sua</span> <span class='ocrx_word' id='word_1_280' title='bbox 1359 2409 1586 2457; x_wconf 85' lang='lat' dir='ltr'>sanctitate,</span> <span class='ocrx_word' id='word_1_281' title='bbox 1608 2408 1715 2464; x_wconf 86' lang='lat' dir='ltr'>inju-</span> 
     </span>
     <span class='ocr_line' id='line_1_42' title="bbox 124 2474 365 2503; baseline -0.017 0"><span class='ocrx_word' id='word_1_282' title='bbox 124 2476 155 2503; x_wconf 78' lang='lat' dir='ltr'>in</span> <span class='ocrx_word' id='word_1_283' title='bbox 166 2474 257 2502; x_wconf 84' lang='lat' dir='ltr'>Bulla</span> <span class='ocrx_word' id='word_1_284' title='bbox 272 2480 326 2500; x_wconf 79' lang='lat' dir='ltr'>sua</span> <span class='ocrx_word' id='word_1_285' title='bbox 359 2485 365 2491; x_wconf 91' lang='lat'><em>·</em></span> 
     </span>
    </p>
   </div>
   <div class='ocr_carea' id='block_1_7' title="bbox 125 2517 294 2632">
    <p class='ocr_par' dir='ltr' id='par_1_9' title="bbox 125 2517 294 2632">
     <span class='ocr_line' id='line_1_43' title="bbox 125 2517 290 2552; baseline -0.024 -6"><span class='ocrx_word' id='word_1_286' title='bbox 125 2518 162 2546; x_wconf 85' lang='lat' dir='ltr'>ad</span> <span class='ocrx_word' id='word_1_287' title='bbox 179 2517 290 2552; x_wconf 87' lang='lat' dir='ltr'>Imper.</span> 
     </span>
     <span class='ocr_line' id='line_1_44' title="bbox 125 2559 294 2589; baseline -0.024 0"><span class='ocrx_word' id='word_1_288' title='bbox 125 2559 294 2589; x_wconf 77' lang='lat' dir='ltr'>Ferdinan-</span> 
     </span>
     <span class='ocr_line' id='line_1_45' title="bbox 126 2604 210 2632; baseline -0.024 0"><span class='ocrx_word' id='word_1_289' title='bbox 126 2604 210 2632; x_wconf 87' lang='lat' dir='ltr'>dum.</span> 
     </span>
    </p>
   </div>
   <div class='ocr_carea' id='block_1_8' title="bbox 131 2761 312 2835">
    <p class='ocr_par' dir='ltr' id='par_1_10' title="bbox 131 2761 312 2835">
     <span class='ocr_line' id='line_1_46' title="bbox 131 2761 312 2793; baseline -0.022 0"><span class='ocrx_word' id='word_1_290' title='bbox 131 2762 217 2793; x_wconf 78' lang='lat' dir='ltr'>Hist.</span> <span class='ocrx_word' id='word_1_291' title='bbox 229 2761 312 2790; x_wconf 89' lang='lat' dir='ltr'>Eccl.</span> 
     </span>
     <span class='ocr_line' id='line_1_47' title="bbox 131 2805 227 2835; baseline -0.01 0"><span class='ocrx_word' id='word_1_292' title='bbox 131 2805 185 2835; x_wconf 83' lang='lat' dir='ltr'>lib.</span> <span class='ocrx_word' id='word_1_293' title='bbox 200 2813 227 2835; x_wconf 85' lang='lat'>1.</span> 
     </span>
    </p>
   </div>
   <div class='ocr_carea' id='block_1_9' title="bbox 336 2477 1720 2807">
    <p class='ocr_par' dir='ltr' id='par_1_11' title="bbox 336 2477 1720 2807">
     <span class='ocr_line' id='line_1_48' title="bbox 336 2477 1645 2536; baseline -0.007 -12"><span class='ocrx_word' id='word_1_294' title='bbox 336 2499 438 2525; x_wconf 80' lang='lat' dir='ltr'>nam</span> <span class='ocrx_word' id='word_1_295' title='bbox 458 2483 516 2524; x_wconf 89' lang='lat' dir='ltr'>illi</span> <span class='ocrx_word' id='word_1_296' title='bbox 536 2483 682 2532; x_wconf 89' lang='lat' dir='ltr'>facere,</span> <span class='ocrx_word' id='word_1_297' title='bbox 705 2490 745 2522; x_wconf 91' lang='lat' dir='ltr'>et</span> <span class='ocrx_word' id='word_1_298' title='bbox 759 2481 830 2536; x_wconf 80' lang='lat' dir='ltr'>jus</span> <span class='ocrx_word' id='word_1_299' title='bbox 851 2480 926 2521; x_wconf 89' lang='lat' dir='ltr'>sibi</span> <span class='ocrx_word' id='word_1_300' title='bbox 947 2480 1123 2520; x_wconf 87' lang='lat' dir='ltr'>alienum</span> <span class='ocrx_word' id='word_1_301' title='bbox 1146 2493 1336 2533; x_wconf 88' lang='lat' dir='ltr'>arrogare</span> <span class='ocrx_word' id='word_1_302' title='bbox 1356 2493 1437 2517; x_wconf 93' lang='lat' dir='ltr'>non</span> <span class='ocrx_word' id='word_1_303' title='bbox 1458 2477 1645 2517; x_wconf 89' lang='lat' dir='ltr'>debebat.</span> 
     </span>
     <span class='ocr_line' id='line_1_49' title="bbox 396 2545 1717 2603; baseline -0.007 -12"><span class='ocrx_word' id='word_1_304' title='bbox 396 2552 459 2591; x_wconf 84' lang='lat' dir='ltr'>At</span> <span class='ocrx_word' id='word_1_305' title='bbox 490 2549 739 2591; x_wconf 90' lang='lat' dir='ltr'>convocabat</span> <span class='ocrx_word' id='word_1_306' title='bbox 769 2547 937 2603; x_wconf 88' lang='lat' dir='ltr'>quidem</span> <span class='ocrx_word' id='word_1_307' title='bbox 969 2556 1072 2597; x_wconf 82' lang='lat' dir='ltr'>tum,</span> <span class='ocrx_word' id='word_1_308' title='bbox 1104 2546 1262 2602; x_wconf 89' lang='lat' dir='ltr'>inquiet</span> <span class='ocrx_word' id='word_1_309' title='bbox 1293 2545 1452 2600; x_wconf 85' lang='lat' dir='ltr'>aliquis,</span> <span class='ocrx_word' id='word_1_310' title='bbox 1486 2545 1717 2598; x_wconf 87' lang='lat' dir='ltr'>Imperator</span> 
     </span>
     <span class='ocr_line' id='line_1_50' title="bbox 342 2611 1718 2673; baseline -0.007 -15"><span class='ocrx_word' id='word_1_311' title='bbox 342 2617 538 2667; x_wconf 87' lang='lat' dir='ltr'>Concilia,</span> <span class='ocrx_word' id='word_1_312' title='bbox 559 2616 674 2673; x_wconf 87' lang='lat' dir='ltr'>quod</span> <span class='ocrx_word' id='word_1_313' title='bbox 694 2618 909 2657; x_wconf 87' lang='lat' dir='ltr'>Romanus</span> <span class='ocrx_word' id='word_1_314' title='bbox 929 2614 1162 2670; x_wconf 88' lang='lat' dir='ltr'>Episcopus</span> <span class='ocrx_word' id='word_1_315' title='bbox 1187 2613 1373 2653; x_wconf 89' lang='lat' dir='ltr'>nondum</span> <span class='ocrx_word' id='word_1_316' title='bbox 1393 2612 1445 2652; x_wconf 88' lang='lat' dir='ltr'>ad</span> <span class='ocrx_word' id='word_1_317' title='bbox 1465 2611 1584 2651; x_wconf 90' lang='lat' dir='ltr'>istam</span> <span class='ocrx_word' id='word_1_318' title='bbox 1604 2624 1718 2665; x_wconf 90' lang='lat' dir='ltr'>mag-</span> 
     </span>
     <span class='ocr_line' id='line_1_51' title="bbox 341 2678 1720 2739; baseline -0.005 -14"><span class='ocrx_word' id='word_1_319' title='bbox 341 2684 571 2726; x_wconf 88' lang='lat' dir='ltr'>nitudinem</span> <span class='ocrx_word' id='word_1_320' title='bbox 600 2684 863 2739; x_wconf 89' lang='lat' dir='ltr'>pervenisset,</span> <span class='ocrx_word' id='word_1_321' title='bbox 886 2692 1021 2723; x_wconf 91' lang='lat' dir='ltr'>tamen</span> <span class='ocrx_word' id='word_1_322' title='bbox 1046 2697 1097 2722; x_wconf 88' lang='lat' dir='ltr'>ne</span> <span class='ocrx_word' id='word_1_323' title='bbox 1119 2691 1207 2722; x_wconf 88' lang='lat' dir='ltr'>tum</span> <span class='ocrx_word' id='word_1_324' title='bbox 1228 2680 1394 2735; x_wconf 89' lang='lat' dir='ltr'>quidem</span> <span class='ocrx_word' id='word_1_325' title='bbox 1416 2687 1488 2719; x_wconf 90' lang='lat' dir='ltr'>aut</span> <span class='ocrx_word' id='word_1_326' title='bbox 1506 2692 1589 2718; x_wconf 91' lang='lat' dir='ltr'>una</span> <span class='ocrx_word' id='word_1_327' title='bbox 1609 2678 1720 2718; x_wconf 86' lang='lat' dir='ltr'>sedc-</span> 
     </span>
     <span class='ocr_line' id='line_1_52' title="bbox 346 2744 1719 2807; baseline -0.007 -14"><span class='ocrx_word' id='word_1_328' title='bbox 346 2753 416 2794; x_wconf 87' lang='lat' dir='ltr'>bat</span> <span class='ocrx_word' id='word_1_329' title='bbox 436 2765 529 2792; x_wconf 88' lang='lat' dir='ltr'>cum</span> <span class='ocrx_word' id='word_1_330' title='bbox 550 2750 766 2807; x_wconf 86' lang='lat' dir='ltr'>Episcopis</span> <span class='ocrx_word' id='word_1_331' title='bbox 786 2750 825 2791; x_wconf 91' lang='lat' dir='ltr'>in</span> <span class='ocrx_word' id='word_1_332' title='bbox 850 2749 1047 2798; x_wconf 85' lang='lat' dir='ltr'>Concilio,</span> <span class='ocrx_word' id='word_1_333' title='bbox 1070 2757 1141 2790; x_wconf 90' lang='lat' dir='ltr'>aut</span> <span class='ocrx_word' id='word_1_334' title='bbox 1162 2747 1329 2789; x_wconf 90' lang='lat' dir='ltr'>omnino</span> <span class='ocrx_word' id='word_1_335' title='bbox 1357 2747 1398 2787; x_wconf 90' lang='lat' dir='ltr'>in</span> <span class='ocrx_word' id='word_1_336' title='bbox 1429 2744 1719 2786; x_wconf 88' lang='lat' dir='ltr'>deliberatione</span> 
     </span>
    </p>
   </div>
  </div>
 </body>
</html>
