1799 3077
90 1432 102 1453 1
112 1445 119 1453 .
135 1423 209 1461 Reg.
223 1421 261 1452 xi.

293 146 374 190 190
684 143 913 184 JUELLI
947 142 1283 184 APOLOGIA.

291 255 630 305 Deuteronomio,
652 270 676 296 a
696 270 781 311 quo
809 254 1037 296 Consilium
1070 255 1111 296 in
1142 255 1266 296 rebus
1295 253 1436 294 arduis
1465 261 1506 294 et
1529 254 1674 294 verita-

291 323 343 365 tis
369 324 575 380 judicium
606 322 832 379 petendum
863 322 936 363 sit:
973 323 1015 364 Si
1046 322 1139 379 quis
1169 322 1278 362 illius
1303 320 1463 377 judicio
1494 335 1576 361 non
1605 321 1676 361 ob-

292 401 505 447 temperet,
527 390 644 431 illum
671 390 712 430 in
740 398 961 446 conspectu
994 390 1171 431 fratrum
1202 404 1370 430 suorum
1401 396 1589 444 oportere
1618 387 1678 427 in-

292 458 444 507 terfici3
478 458 610 508 illum,
632 457 840 513 quidquid
870 468 980 512 agat,
1002 473 1085 498 non
1111 473 1228 513 posse
1249 473 1273 497 a
1292 470 1504 512 quoquam
1528 464 1679 496 morta-

292 527 395 568 lium
420 526 622 583 judicari:
657 525 871 566 Christum
901 525 945 565 in
975 525 1087 566 coelis
1117 539 1302 579 regnare,
1323 524 1440 564 illum
1470 523 1513 563 in
1535 523 1675 570 terris;

293 594 410 636 illum
432 609 562 635 unum
584 608 702 649 posse
723 593 929 648 quidquid
962 592 1166 642 Christus,
1188 600 1261 632 aut
1279 592 1396 631 Deus
1415 591 1502 646 ipse
1521 599 1677 646 potest3

292 662 402 703 illius
432 670 473 703 et
502 661 656 702 Christi
687 675 817 701 unum
849 675 935 701 esse
964 658 1274 705 consistorium3
1309 657 1394 698 sine
1422 656 1493 697 illo
1523 656 1679 697 nullam

294 745 379 771 esse
411 729 572 779 Fidem,
604 728 761 769 nullam
794 742 922 784 spem,
954 727 1110 768 nullam
1142 726 1392 773 Ecclesiam;
1427 724 1500 781 qui
1530 725 1582 765 ab
1611 723 1681 764 illo

295 797 477 839 discedat
498 812 593 837 eum
613 796 789 852 abjicere
810 805 849 837 et
871 795 1089 852 repudiare
1109 794 1282 835 salutem
1304 809 1431 835 suam.
1480 794 1586 834 Haec
1604 794 1682 834 Ca-

294 866 467 906 nonistae
495 864 670 906 Parasiti
692 864 958 914 Pontificum,
981 879 1062 905 non
1089 863 1265 904 nimium
1295 863 1478 904 modeste
1504 862 1562 903 illi
1592 862 1683 917 qui-

295 933 402 974 dem.
464 932 546 973 Vix
578 932 686 973 enim
716 931 852 988 plura,
883 942 993 973 certe
1023 946 1106 973 non
1140 930 1339 987 ampliora
1371 930 1599 987 potuissent
1630 930 1682 971 de

298 1000 465 1042 Christo
484 1000 574 1056 ipso
594 999 740 1040 dicere.

355 1070 444 1109 Nos
483 1068 652 1124 quidem
692 1083 774 1108 non
812 1068 1036 1124 voluptatis
1074 1067 1199 1109 ullius
1236 1068 1442 1117 humanae,
1473 1076 1546 1108 aut
1577 1081 1685 1107 corn-

298 1137 410 1178 modi
431 1152 553 1177 causa
581 1151 605 1177 a
635 1136 836 1177 Pontifice
864 1136 1131 1177 discessimus.
1193 1137 1339 1192 Atque
1369 1135 1527 1176 utinam
1547 1135 1686 1192 potius

298 1205 366 1245 ille
386 1204 443 1245 ita
463 1220 504 1245 se
524 1213 698 1260 gereret,
722 1219 772 1244 ne
792 1219 897 1260 opus
917 1213 1021 1245 esset
1041 1203 1294 1244 discessione.
1356 1204 1510 1244 Verum
1538 1203 1596 1243 ita
1622 1218 1685 1243 res

299 1283 400 1324 erat,
424 1288 511 1323 nos,
533 1272 610 1313 nisi
640 1272 710 1312 illo
735 1272 889 1322 relicto,
912 1287 993 1313 non
1025 1271 1236 1328 potuimus
1266 1271 1319 1311 ad
1348 1271 1560 1312 Christum
1595 1286 1684 1327 per-

300 1341 451 1382 venire.
512 1342 661 1396 Neque
688 1339 756 1380 ille
783 1354 893 1380 nunc
913 1339 1027 1380 aliud
1047 1340 1185 1380 foedus
1206 1338 1419 1380 nobiscum
1440 1338 1561 1379 ferire
1581 1338 1686 1389 vult,

302 1424 427 1465 quam
459 1408 581 1464 quale
616 1407 713 1448 olim
753 1423 826 1447 rex
865 1407 1204 1448 Ammonitarum
1244 1408 1356 1447 Naas
1395 1406 1516 1447 ferire
1555 1406 1687 1447 voluit

302 1491 396 1517 cum
418 1475 684 1525 Jabensibus,
709 1483 756 1515 ut
786 1474 863 1515 illis
893 1474 1084 1515 omnibus
1112 1474 1278 1515 dextros
1309 1473 1448 1515 oculos
1478 1473 1686 1515 effoderet.

304 1543 481 1599 Eripere
521 1543 628 1584 enim
669 1542 760 1583 vult
798 1542 915 1583 nobis
955 1558 1086 1583 sacras
1129 1542 1375 1598 Scripturas,
1412 1542 1688 1598 Evangelium

305 1611 446 1653 salutis
486 1620 650 1661 nostrae,
687 1619 728 1652 et
762 1626 924 1652 omnem
955 1610 1066 1651 illam
1106 1625 1219 1666 spem
1252 1626 1377 1666 quam
1413 1610 1613 1652 habemus
1646 1610 1689 1651 in

308 1679 476 1721 Christo
497 1680 613 1720 Jesu.
674 1678 784 1720 Aliis
814 1679 922 1720 enim
952 1678 1256 1719 conditionibus
1285 1693 1425 1735 pacem
1457 1693 1540 1719 non
1574 1693 1692 1734 posse

305 1746 532 1788 convenire.

364 1816 473 1856 Nam
503 1814 616 1870 quod
646 1814 816 1870 quidam
847 1823 1060 1870 tantopere
1097 1813 1229 1855 solent
1260 1814 1496 1869 praedicare,
1531 1815 1689 1869 Papam

307 1882 438 1924 solum
460 1898 545 1923 esse
566 1897 835 1923 successorem
858 1881 986 1932 Petri,
1009 1881 1126 1937 quasi
1146 1896 1194 1921 ea
1213 1896 1336 1922 causa
1358 1881 1556 1937 Spiritum
1579 1896 1691 1922 sanc-

308 1961 398 1991 tum
429 1950 471 1990 in
502 1949 593 1991 sinu
622 1958 753 2006 gerat,
785 1959 826 1991 et
855 1964 990 1990 errare
1020 1964 1101 1990 non
1137 1948 1278 2005 possit,
1314 1949 1403 1989 leve
1439 1965 1485 1990 ac
1519 1959 1693 2005 nugato-

307 2018 415 2059 rium
446 2026 516 2058 est.
578 2017 734 2058 Animo
763 2017 847 2073 pio,
871 2032 917 2058 ac
939 2018 1078 2057 Deum
1101 2015 1275 2066 timenti,
1297 2016 1496 2072 promissa
1523 2025 1583 2057 est
1613 2016 1693 2057 Dei

308 2084 454 2141 gratia,
496 2100 579 2125 non
614 2084 817 2125 cathedris
859 2093 899 2125 et
941 2083 1271 2125 successionibus.
1344 2082 1528 2133 Divitiae,
1558 2082 1694 2139 inquit

311 2153 608 2209 Hieronymus,
632 2152 902 2208 potentiorem
932 2151 1187 2207 Episcopum
1215 2151 1348 2191 facere
1380 2159 1576 2205 possunt3
1609 2165 1693 2189 om-

310 2235 381 2261 nes
426 2229 560 2260 tamen
611 2218 822 2275 Episcopi,
863 2218 1101 2274 quicunque
1150 2226 1260 2267 sunt,
1303 2226 1399 2257 sunt
1448 2231 1696 2257 successores

310 2287 622 2344 Apostolorum.
685 2286 806 2337 Quod
838 2285 870 2326 si
900 2286 1013 2327 locus
1043 2295 1083 2325 et
1103 2284 1366 2340 inauguratio
1395 2283 1479 2324 sola
1504 2283 1598 2323 satis
1619 2291 1693 2331 est,

311 2365 353 2396 et
383 2357 596 2395 Manasses
627 2353 817 2394 successit
847 2352 1015 2402 Davidi,
1040 2362 1080 2393 et
1111 2351 1315 2407 Caiaphas
1345 2350 1518 2400 Aaroni,
1540 2358 1581 2390 et
1609 2349 1696 2390 ido-

313 2422 400 2462 lum
428 2437 535 2477 saepe
566 2420 678 2462 stetit
708 2420 750 2461 in
781 2420 935 2476 templo
966 2419 1058 2460 Dei.
1121 2418 1402 2459 Archidamus
1436 2417 1533 2457 olim
1569 2417 1697 2456 Lace-

315 2489 556 2538 daemonius,
578 2488 709 2529 multa
729 2488 780 2528 de
810 2503 851 2528 se
880 2486 1144 2543 praedicabat,
1167 2485 1280 2541 quod
1312 2494 1415 2526 esset
1442 2500 1493 2525 ex
1515 2482 1698 2524 Hercule

317 2555 541 2603 oriundus;
575 2556 664 2612 ejus
693 2555 947 2596 insolentiam
979 2554 1036 2594 ita
1067 2553 1274 2594 refutabat
1306 2552 1584 2594 Nicostratus:
1618 2551 1698 2590 At-

319 2623 391 2678 qui
423 2632 469 2662 tu
504 2638 554 2663 ex
586 2623 769 2663 Hercule
800 2622 1000 2663 oriundus
1031 2636 1111 2662 non
1144 2620 1308 2669 videris,
1337 2635 1432 2660 nam
1468 2618 1535 2658 ille
1570 2616 1699 2657 malos

320 2689 504 2730 homines
545 2689 759 2739 interfecit,
802 2699 848 2731 tu
899 2705 949 2730 ex
998 2688 1116 2730 bonis
1154 2687 1281 2728 malos
1322 2686 1432 2727 facis.
1506 2686 1698 2738 Cumque

323 2755 518 2797 Pharisaei
547 2755 748 2809 jactarent
782 2757 1051 2797 successiones
1082 2770 1188 2804 suas,
1219 2763 1257 2794 et
1291 2769 1434 2807 genus,
1466 2761 1506 2793 et
1537 2750 1701 2806 sangui-
