1799 3077
707 109 946 165 [203]

125 223 276 278 paucis
302 223 494 278 cognosci
513 229 699 278 possent,
723 223 924 280 pluribus
953 230 1054 264 sunt
1085 225 1220 266 verbis
1250 228 1519 282 amplificata,

113 291 284 346 justum
299 290 465 331 modum
480 291 896 348 magnitudinemque
911 292 1155 339 excessissoe
1184 294 1368 350 cogitent
1384 298 1523 336 omnia

121 360 274 415 pueris
289 373 412 415 quam
429 360 692 415 apertissime
708 360 1034 416 planissimeque
1055 374 1141 402 esse
1156 362 1429 418 explicandm
1452 366 1524 419 qui

129 441 258 484 quum
277 427 325 467 in
343 427 491 468 scholis
512 433 598 468 tam
617 428 768 469 multos
788 442 922 469 annos
941 428 1081 470 sedere
1099 429 1212 470 soliti
1232 430 1333 481 sint,
1346 431 1452 486 jere
1478 439 1526 472 ut

130 496 283 535 Latine
311 501 476 536 tantum
502 496 614 552 loqui
644 497 863 547 discerent,
885 497 932 537 id
959 511 1025 538 eos
1054 499 1245 553 consequi
1276 512 1327 538 eoe
1349 499 1526 554 pietatis

132 563 390 604 Christianae
409 564 530 605 libris
548 579 599 605 ne
617 565 853 616 invideant,
870 566 979 621 quod
997 580 1049 606 ear
1065 566 1293 607 Poetarum
1306 568 1523 622 profani-s,

113 632 329 688 fictisque,
352 638 391 674 et
416 633 629 674 interdum
656 634 814 690 impiis,
837 640 959 690 atque
988 635 1171 690 impuris
1183 635 1359 690 sabulis
1389 636 1526 676 doceri

130 706 255 740 antea
287 702 479 742 solebant.
540 702 628 743 Sed
655 707 694 742 et
722 703 829 757 ipsis
859 703 1075 744 brevitatis
1105 704 1364 744 amatoribus
1393 705 1526 745 statui

130 783 283 809 morem
301 784 468 826 gerere,
490 770 743 826 eundemque
762 770 873 811 hunc
896 771 1200 812 Catechismum
1223 772 1340 812 edere
1370 773 1528 828 ea'iguo

129 836 275 886 libello,
297 851 423 893 quam
434 843 573 893 potest
580 839 690 893 fleri
712 838 966 888 brevissime,
988 839 1051 879 ita
1070 845 1279 880 arctatum
1300 845 1348 880 ut
1367 842 1528 881 arctius

113 905 220 960 sere
239 907 431 962 astringi
445 921 530 947 non
541 907 715 962 poterit,
735 906 782 946 in
801 920 881 962 quo
906 920 1067 963 magna
1089 908 1259 962 parvis,
1282 908 1411 963 longa
1441 909 1528 949 bre-

132 975 267 1025 vibus,
288 975 375 1016 lata
394 976 609 1032 angustis,
629 975 763 1015 multa
776 975 930 1031 paucis
944 981 1188 1030 permutata
1207 977 1443 1031 reperient‚·
1481 983 1528 1017 ut

131 1044 281 1099 quibus
299 1043 366 1084 liic
384 1044 501 1094 liber,
524 1049 572 1084 ut
590 1044 868 1100 productione
888 1043 1073 1100 longior,
1094 1058 1178 1084 non
1204 1044 1397 1099 placebit,
1419 1045 1529 1085 libel-

132 1111 199 1152 lus
219 1111 301 1161 ille,
322 1117 370 1152 ut
389 1112 668 1152 contractione
689 1112 867 1162 brevior,
884 1126 968 1151 non
987 1111 1216 1167 displiceat.
1272 1113 1419 1152 Verum
1435 1128 1528 1153 cum

131 1179 178 1219 in
197 1179 575 1234 Cateclzismisjere
589 1179 779 1220 omnibus
795 1193 843 1220 ea
859 1179 1116 1221 Christianae
1132 1180 1372 1236 Religionis
1387 1182 1529 1236 capita

132 1246 406 1302 explicentur,
432 1260 526 1302 quae
556 1247 750 1302 Symbolo
775 1246 1082 1302 Apostolorum,
1104 1248 1331 1304 Decalogo,
1353 1254 1392 1289 et
1425 1250 1530 1289 Ora-

133 1316 242 1356 tione
262 1316 487 1356 Dominica
507 1316 787 1366 continentur,
807 1330 891 1356 non
912 1321 972 1356 est
991 1316 1038 1356 in
1058 1315 1157 1365 illis,
1180 1321 1228 1356 ut
1248 1330 1321 1356 nec
1348 1331 1433 1357 esse
1455 1332 1530 1373 po-

133 1389 223 1433 test,
245 1397 374 1439 usque
393 1383 494 1424 adeo
514 1398 675 1440 magna
696 1385 741 1423 in
764 1383 958 1424 tradendi
978 1384 1140 1424 ratione
1171 1385 1368 1424 varietas.
1418 1385 1531 1432 Quid

133 1453 243 1492 enim
258 1453 330 1508 pie
349 1458 388 1492 et
407 1452 569 1492 utiliter
589 1452 638 1492 de
663 1452 897 1508 praecipuis
927 1457 1083 1492 nostrce
1113 1452 1355 1507 Religionis
1383 1453 1532 1508 eapiti-

134 1521 210 1561 bus
230 1521 466 1577 excogitari
479 1525 631 1576 potest,
653 1519 762 1575 quod
781 1520 832 1559 ab
851 1519 1074 1575 aliquibus,
1095 1533 1144 1560 ac
1171 1533 1280 1575 saepe
1309 1520 1473 1575 quidem
1503 1534 1530 1559 a

135 1589 279 1629 multis
297 1589 479 1638 illorum,
501 1589 574 1644 qui
591 1588 731 1628 eadem
751 1593 874 1628 antea
895 1593 1147 1636 tractarunt,
1170 1587 1325 1628 dictum
1326 1589 1426 1643 jam
1447 1603 1530 1629 non

116 1657 300 1711 suerit?
344 1656 406 1697 Et
445 1657 517 1712 qui
557 1656 834 1712 Decalogum,
869 1656 1111 1711 Symbolum
1146 1656 1452 1711 Apostolorum,
1494 1663 1532 1698 et

139 1725 379 1765 Orationem
409 1725 678 1765 Dominicam
708 1723 1071 1780 interpretandam
1102 1725 1313 1774 sumserit,
1342 1725 1529 1776 eetndem,

134 1807 252 1849 quem
273 1794 320 1833 in
339 1793 445 1848 ipsis
465 1793 587 1833 rebus
606 1793 817 1833 invenerit
836 1792 1040 1842 ordinem,
1063 1793 1150 1832 nisi
1163 1793 1419 1848 perturbare
1431 1807 1532 1849 per-

134 1863 382 1917 miscereque
400 1862 541 1902 omnia
561 1862 673 1911 velit,
696 1862 928 1901 necessario
948 1861 1064 1916 sequi
1091 1866 1262 1916 oportet.
1323 1861 1411 1901 Alii
1441 1863 1532 1918 qui-

135 1930 225 1970 dem
237 1931 380 1986 primo
400 1929 484 1970 loco
504 1929 554 1970 de
574 1929 701 1986 Lege,
723 1929 900 1969 secundo
921 1929 970 1969 de
997 1929 1104 1969 Fide
1135 1935 1376 1970 tractarunt
1390 1947 1404 1976 ;
1437 1931 1529 1980 alii,

135 2013 189 2039 ne
214 1998 369 2039 similes
391 2011 474 2053 per
503 1998 644 2038 omnia
675 1997 933 2047 viderentur,
956 1997 1214 2037 contrarium
1246 1998 1293 2036 in
1323 1998 1389 2038 liis
1418 1999 1532 2038 ordi-

135 2080 243 2116 nem,
262 2065 372 2121 quod
389 2079 490 2106 sane
502 2071 706 2121 pertenue
726 2065 951 2105 discrimen
973 2070 1046 2115 est,
1069 2070 1168 2105 sunt
1188 2066 1367 2120 sequuti.
1413 2065 1530 2104 Nam

136 2135 185 2175 de
209 2134 407 2174 Oratione
427 2140 465 2174 et
486 2134 772 2175 Sacramentis
790 2139 885 2188 post
905 2133 1059 2189 Legem
1079 2138 1202 2188 atquc
1223 2132 1372 2172 Fidem
1393 2147 1531 2174 omnes

117 2205 224 2260 jere
254 2207 505 2243 tractarunt.
564 2202 708 2242 Alium
738 2215 840 2257 ergo
869 2201 1057 2242 ordinem
1088 2201 1323 2249 instituere,
1345 2201 1418 2256 qui
1448 2215 1531 2241 non

135 2272 193 2312 sit
211 2272 312 2326 jam
342 2270 393 2310 ab
423 2270 561 2326 aliquo
589 2275 926 2326 praeoccupatus,
956 2283 1074 2309 nemo
1104 2274 1224 2318 certe,
1258 2269 1342 2308 nisi
1372 2283 1531 2309 omnem

136 2340 303 2380 omnino
337 2338 525 2379 ordinem
560 2338 659 2379 velit
691 2339 912 2387 invertere,
950 2337 1033 2376 ullo
1069 2336 1186 2377 modo
1212 2341 1361 2391 potest.
1423 2337 1477 2376 H
1476 2351 1531 2377 cec

138 2405 241 2446 milti
266 2406 338 2446 hoc
364 2406 447 2447 loco
469 2407 625 2462 putavi
655 2419 740 2447 esse
769 2404 1138 2453 commemoranda,
1161 2403 1270 2459 quod
1300 2405 1531 2445 emistimem

136 2487 220 2514 non
255 2473 490 2527 defuturos,
522 2474 594 2529 qui
629 2479 668 2513 et
704 2473 844 2513 eadem
879 2486 955 2521 me,
987 2477 1024 2512 et
1060 2471 1195 2511 eodem
1231 2471 1356 2511 etiam
1385 2471 1532 2512 ordine

136 2541 283 2590 multa,
305 2555 400 2596 quae
418 2546 518 2581 sunt
537 2541 589 2581 ab
612 2541 711 2580 aliis
741 2539 988 2596 quibusdam
1017 2544 1143 2579 antea
1164 2539 1422 2594 perscripta,
1446 2545 1532 2579 tra-

137 2609 292 2649 didisse
312 2609 358 2648 in
380 2607 452 2648 hoc
475 2607 743 2658 Catecltismo,
765 2612 1079 2663 conquerentur.
1142 2607 1198 2646 In
1228 2621 1307 2663 quo
1337 2621 1438 2648 sane
1468 2607 1533 2646 in-

123 2677 246 2731 jurii
272 2678 401 2733 (equis
426 2676 615 2717 omnibus
643 2676 778 2716 videri
801 2680 997 2731 possunt,
1019 2689 1147 2731 quum
1177 2675 1287 2730 quod
1315 2674 1532 2714 immutari

139 2750 245 2784 recte
277 2759 360 2784 non
394 2750 530 2801 queat,
562 2759 645 2783 non
680 2758 765 2784 esse
801 2749 1006 2784 mutatum
1037 2743 1336 2783 causabantur.
1401 2743 1532 2781 Hunc
