1799 3077
524 109 753 150 JUELLI
788 110 1126 151 APOLOGIA.
1435 117 1518 159 187

132 221 203 263 illa
240 222 426 278 quinque
465 222 592 263 verba
630 222 868 279 repetendo,
908 222 1047 264 dicant
1091 238 1354 266 consecrasse.
1415 228 1517 269 Esse
1527 237 1672 268 Thomas.

134 290 234 331 alios
253 289 327 346 qui
346 289 388 330 in
409 289 487 331 illis
508 289 693 346 quinque
714 289 862 341 verbis,
881 292 991 341 Hoc,
1009 290 1250 347 pronomine
1270 292 1520 336 demonstra-

136 358 221 398 tivo
241 366 391 414 putent
409 372 558 413 panem
580 357 810 406 triticeum3
845 358 944 399 alios
965 358 1037 414 qui
1058 358 1202 400 malint
1218 375 1369 416 vagum
1392 363 1523 417 quod-

136 426 232 467 dam
262 425 527 466 individuum
558 426 741 467 indicari.
803 427 904 467 Esse
935 427 1034 467 alios
1065 427 1138 482 qui
1167 427 1306 469 dicant
1336 444 1454 470 canes
1483 441 1524 472 et
1537 439 1733 470 Gardinerus.

136 509 274 535 mures
303 510 422 550 posse
452 510 547 535 vere
578 504 618 535 et
648 494 781 551 reipsa
810 495 1023 536 comedere
1053 510 1202 551 corpus
1228 496 1408 545 Christi;
1440 513 1525 539 esse

135 561 236 603 alios
263 561 336 618 qui
363 562 406 603 id
433 571 667 604 constanter
686 573 938 619 pernegent3
971 578 1056 604 esse
1075 563 1175 604 alios
1195 564 1268 619 qui
1288 564 1441 615 dicant,
1462 581 1527 606 ac-
1536 574 1583 622 D?
1595 584 1728 604 consecr.

137 629 315 671 cidentia
335 629 425 686 ipsa
450 632 568 686 panis
594 631 762 687 vinique
783 631 940 672 nutrire
960 647 1102 687 posse3
1136 648 1221 673 esse
1246 632 1346 674 alios
1373 632 1445 689 qui
1466 633 1526 673 di-
1537 617 1740 692 &gaggi

137 708 246 749 cant,
266 698 400 740 redire
420 699 703 740 substantiam.
765 699 877 749 Quid
898 699 1048 755 plura?
1081 700 1297 741 Prolixum
1314 710 1355 742 et
1368 717 1530 758 permo-

137 765 286 807 lestum
316 775 420 807 esset
450 766 588 807 omnia
617 782 844 808 numerare.
908 769 976 808 Ita
1005 768 1197 809 universa
1222 769 1357 810 forma
1378 769 1528 811 horum

138 834 345 890 religionis
375 847 416 876 et
444 834 656 887 doctrinae,
677 835 815 876 adhuc
842 836 957 892 apud
977 836 1067 877 illos
1086 836 1196 892 ipsos
1216 852 1240 878 a
1260 837 1413 894 quibus
1433 848 1530 880 nata

138 911 179 943 et
209 903 395 959 profecta
427 911 502 953 est,
533 918 703 959 prorsus
737 903 906 955 incerta,
944 913 984 945 et
1018 914 1280 946 controversa
1314 915 1386 946 est.
1448 907 1529 949 Vix

138 971 246 1012 enim
268 986 454 1027 unquam
474 971 581 1012 inter
602 987 644 1013 se
663 972 928 1023 conveniunt,
950 971 1027 1013 nisi
1051 972 1172 1023 forte,
1195 982 1240 1014 vt
1267 973 1364 1015 olim
1385 974 1531 1015 Phari-

141 1040 208 1081 saei
231 1049 272 1081 et
294 1039 527 1089 Sadducaei,
550 1051 623 1082 aut
645 1041 837 1082 Herodes
858 1049 899 1083 et
920 1041 1080 1083 Pilatus
1100 1050 1243 1083 contra
1264 1042 1490 1084 Christum.

195 1109 309 1150 Eant
339 1124 438 1165 ergo
469 1123 578 1159 sane,
611 1118 652 1150 et
681 1124 825 1165 pacem
855 1109 994 1166 potius
1024 1109 1131 1151 inter
1163 1125 1258 1151 suos
1292 1110 1404 1151 domi
1441 1126 1530 1152 san-

138 1176 257 1218 ciant.
320 1176 472 1218 Unitas
501 1176 670 1233 quidem
702 1186 743 1219 et
772 1178 983 1219 consensio
1012 1178 1191 1219 maxime
1221 1178 1411 1220 convenit
1440 1179 1532 1220 reli-

139 1244 263 1300 gioni.
325 1246 422 1286 Non
454 1254 590 1286 tamen
621 1254 682 1286 est
712 1261 760 1286 ea
789 1255 899 1287 certa
934 1255 974 1288 et
1005 1247 1174 1303 propria
1205 1256 1304 1288 nota
1334 1247 1531 1289 Ecclesiae

140 1312 233 1353 Dei.
296 1314 468 1355 Summa
498 1313 607 1354 enim
632 1324 720 1355 erat
745 1314 955 1356 consensio
982 1315 1089 1356 inter
1117 1331 1184 1356 eos
1205 1315 1277 1371 qui
1304 1315 1531 1357 adorabant

140 1395 313 1421 aureum
334 1381 539 1429 vitulum3
573 1392 613 1423 et
633 1381 740 1423 inter
760 1398 828 1423 eos
849 1382 921 1438 qui
941 1383 1171 1439 conjunctis
1191 1383 1361 1424 vocibus
1380 1384 1422 1424 in
1441 1386 1532 1425 Ser-

139 1458 323 1490 vatorem
364 1458 548 1491 nostrum
586 1451 734 1491 Jesum
775 1450 989 1491 Christum
1029 1451 1274 1501 clamabant,
1310 1451 1529 1508 Crucifige.

141 1518 290 1574 Neque
325 1518 424 1574 quia
457 1517 663 1559 Corinthii
698 1518 1019 1559 dissensionibus
1053 1518 1159 1559 inter
1194 1534 1235 1559 se
1273 1518 1529 1570 laborabant,

141 1595 214 1627 aut
240 1586 339 1641 quia
360 1585 521 1627 Paulus
551 1602 575 1626 a
602 1587 742 1636 Petro,
766 1596 840 1627 aut
860 1587 1072 1627 Barnabas
1099 1602 1124 1627 a
1146 1586 1293 1638 Paulo,
1316 1596 1388 1628 aut
1411 1588 1531 1629 Chri-

142 1655 260 1696 stiani
283 1655 419 1696 statim
443 1655 520 1696 sub
542 1654 640 1711 ipsis
656 1654 780 1696 initiis
801 1655 1020 1711 Evangelii
1041 1654 1180 1711 aliqua
1200 1655 1252 1696 de
1272 1671 1316 1696 re
1336 1671 1361 1696 a
1382 1672 1422 1697 se
1442 1672 1532 1698 mu-

141 1731 214 1764 tuo
248 1722 514 1772 dissidebant,
546 1722 697 1763 idcirco
728 1722 843 1763 nulla
874 1731 961 1763 erat
990 1723 1096 1764 inter
1125 1739 1194 1764 eos
1223 1723 1407 1764 Ecclesia
1437 1724 1530 1764 Dei.

142 1790 211 1831 Illi
242 1790 426 1846 quidem,
449 1806 553 1846 quos
582 1790 649 1831 isti
679 1790 938 1832 contumeliae
965 1806 1088 1832 causa
1115 1791 1325 1848 appellant
1346 1792 1534 1848 Zuingli-

142 1875 255 1909 anos,
278 1868 318 1900 et
340 1859 613 1910 Lutheranos,
637 1874 680 1899 re
701 1868 840 1899 autem
860 1874 958 1900 vera
982 1868 1079 1901 sunt
1105 1859 1272 1916 utrique
1295 1860 1531 1911 Christiani,

142 1936 183 1968 et
210 1926 316 1968 inter
343 1942 428 1967 sese
454 1926 587 1977 amici,
610 1942 657 1967 ac
684 1927 845 1976 fratres,
868 1942 951 1967 non
978 1926 1030 1967 de
1057 1927 1267 1983 principiis
1291 1937 1364 1968 aut
1385 1927 1533 1968 funda-

142 1994 291 2035 mentis
320 1994 528 2051 religionis
558 2004 725 2045 nostrae,
748 2010 831 2035 non
859 1994 911 2035 de
933 1995 1039 2045 Deo,
1062 2010 1143 2035 non
1171 1995 1223 2036 de
1249 1995 1427 2046 Christo,
1449 2010 1531 2036 non

142 2063 195 2103 de
235 2071 373 2103 sancto
416 2062 589 2118 Spiritu,
621 2077 702 2103 non
739 2062 791 2102 de
825 2061 982 2103 ratione
1012 2062 1331 2118 justificationis,
1363 2077 1445 2103 non
1480 2062 1531 2102 de

143 2139 297 2171 aeterna
331 2130 429 2181 vita,
462 2139 624 2171 tantum
655 2130 707 2171 de
738 2145 835 2180 una,
867 2145 940 2170 nec
971 2145 1018 2170 ea
1047 2130 1105 2170 ita
1132 2130 1249 2186 gravi
1279 2139 1351 2171 aut
1381 2145 1531 2186 magna

143 2198 384 2255 quaestione,
412 2198 518 2239 inter
546 2214 587 2239 se
617 2198 875 2240 dissentiunt.
928 2199 1026 2239 Nec
1054 2197 1333 2254 desperamus,
1364 2197 1428 2238 vel
1458 2213 1532 2253 po-

144 2265 225 2306 tius
249 2281 331 2306 non
353 2265 607 2316 dubitamus,
629 2266 744 2307 brevi
763 2266 852 2306 fore
876 2265 1160 2313 concordiam3
1194 2274 1234 2306 et
1259 2265 1290 2305 si
1318 2265 1391 2320 qui
1419 2274 1530 2315 sunt,

144 2334 216 2390 qui
244 2334 361 2375 aliter
390 2334 566 2375 sentiant
593 2349 719 2390 quam
746 2349 821 2390 par
849 2342 923 2384 est,
943 2333 1086 2389 positis
1112 2332 1334 2389 aliquando
1354 2333 1532 2374 affectio-

145 2403 281 2452 nibus,
304 2411 344 2443 et
364 2402 612 2453 nominibus,
636 2404 776 2443 Deum
798 2402 840 2443 id
861 2401 940 2442 illis
960 2417 1044 2443 esse
1068 2402 1387 2457 patefacturum,
1410 2412 1457 2442 ut
1486 2417 1531 2443 re

144 2470 289 2511 melius
319 2469 603 2511 animadversa
631 2479 757 2526 atque
787 2469 1012 2526 explorata,
1034 2469 1148 2524 quod
1175 2469 1271 2509 olim
1298 2469 1338 2509 in
1362 2469 1531 2511 Chalce-

144 2537 314 2580 donensi
336 2537 522 2578 Concilio
547 2538 704 2578 factum
734 2546 808 2587 est,
829 2552 971 2577 omnes
998 2536 1293 2578 dissensionum
1322 2552 1469 2588 causae,
1491 2548 1531 2579 et

145 2607 260 2647 fibrae
287 2606 339 2646 ab
368 2605 465 2661 ipsis
493 2605 700 2646 radicibus
721 2604 993 2661 extirpentur,
1015 2613 1056 2645 et
1076 2604 1263 2660 ἀμνηστίᾳ
1283 2604 1531 2661 sepeliantur

146 2674 402 2730 sempiterna.
465 2675 615 2714 Amen.

204 2741 503 2783 Gravissimum
527 2757 623 2782 vero
642 2750 717 2792 est,
739 2741 853 2797 quod
874 2756 947 2782 nos
967 2740 1113 2783 dicunt
1139 2756 1224 2782 esse
1251 2740 1434 2781 homines
1456 2739 1530 2780 im-
