1799 3077
297 135 379 175 188
683 133 912 174 JUELLI
949 132 1283 174 APOLOGIA.

291 248 478 302 Magnus
508 246 736 301 Imperator
767 244 998 286 Concilium
1034 245 1182 286 habuit
1215 244 1464 301 provinciale
1494 246 1536 287 in
1570 247 1674 288 Ger-

290 314 425 354 mania
454 322 596 355 contra
627 312 858 354 Concilium
892 312 1097 353 Nicenum
1132 312 1373 362 secundum,
1404 313 1456 354 de
1486 313 1676 355 tollendis

289 380 548 436 imaginibus.
609 381 699 420 Nec
724 378 842 419 nobis
863 379 1032 434 quidem
1059 395 1229 435 prorsus
1256 380 1456 431 inaudita,
1477 389 1551 421 aut
1570 396 1678 422 nova

290 457 350 489 est
370 464 418 489 ea
437 447 552 489 ratio.
600 449 688 488 Nos
707 446 815 487 enim
843 446 1065 487 habuimus
1085 447 1308 503 aliquando
1327 447 1369 488 in
1390 448 1549 504 Anglia
1571 450 1677 505 Syn-

289 515 390 556 odos
433 514 709 556 Provinciales
746 522 786 554 et
818 512 1049 554 domesticis
1090 513 1250 569 legibus
1284 515 1487 556 Ecclesias
1518 525 1676 557 nostras

290 582 581 624 ordinavimus.
643 581 756 631 Quid
782 580 952 621 multis?
987 582 1109 622 Certe
1136 581 1320 622 Concilia
1347 581 1417 622 illa
1446 582 1679 638 plenissima

291 659 333 691 et
352 650 544 700 maxima,
567 650 619 690 de
640 649 793 705 quibus
822 648 888 690 isti
920 648 1049 689 solent
1079 657 1293 705 tantopere
1322 649 1501 705 gloriari,
1524 651 1556 691 si
1582 667 1678 691 cum

292 718 483 759 omnibus
510 716 718 767 Ecclesiis,
750 732 845 772 quae
878 731 953 772 per
982 725 1117 757 totum
1147 717 1288 758 orbem
1321 725 1524 759 terrarum
1555 734 1680 774 agno-

293 795 412 826 scunt
432 795 472 827 et
493 786 742 827 confitentur
771 799 921 825 nomen
943 784 1112 835 Christi,
1135 785 1413 836 conferantur,
1434 785 1536 841 quid
1565 787 1680 828 obse-

292 869 362 894 cro
392 853 505 894 aliud
526 853 656 894 videri
686 860 872 909 possunt,
896 867 1021 907 quam
1048 851 1210 907 privata
1236 851 1429 907 quaedam
1455 851 1680 909 Episcopo-

292 935 386 961 rum
408 919 606 969 Concilia,
629 928 669 960 et
701 919 858 976 Synodi
888 918 1192 960 Provinciales?
1225 920 1334 960 Nam
1365 920 1438 960 etsi
1458 920 1564 960 forte
1595 921 1681 961 Ita-

293 987 360 1038 lia,
398 987 548 1038 Gallia,
591 987 808 1043 Hispania,
847 986 1017 1042 Anglia,
1059 986 1295 1036 Germania,
1335 986 1486 1037 Dania,
1529 988 1678 1038 Scotia,

293 1055 532 1102 conveniat3
578 1055 684 1096 absit
722 1064 862 1095 autem
896 1054 1015 1104 Asia,
1054 1053 1230 1103 Graecia,
1271 1054 1486 1105 Armenia,
1524 1055 1679 1107 Persia,

295 1123 454 1173 Media,
482 1122 799 1178 Mesopotamia,
827 1123 1058 1178 AEgyptus,
1081 1121 1313 1177 AEthiopia,
1348 1122 1485 1173 India,
1520 1124 1682 1165 Mauri-

295 1191 417 1242 tania,
440 1191 593 1247 quibus
622 1191 665 1232 in
694 1191 792 1232 locis
819 1192 1024 1242 omnibus,
1047 1200 1087 1232 et
1108 1191 1331 1232 Christiani
1357 1191 1541 1233 homines
1560 1193 1682 1234 multi

295 1269 405 1309 sunt,
427 1268 468 1300 et
497 1259 716 1315 Episcopi;
750 1275 834 1315 quo
863 1259 988 1300 modo
1016 1267 1153 1315 potest
1185 1258 1379 1314 cuiquam
1410 1275 1507 1300 sano
1537 1260 1682 1316 hujus-

295 1326 407 1367 modi
430 1326 662 1367 Concilium
683 1326 822 1367 videre
844 1325 1077 1367 Generale?
1108 1328 1202 1366 Aut
1221 1341 1316 1366 cum
1335 1334 1397 1367 tot
1416 1336 1551 1382 partes
1571 1327 1682 1369 orbis

296 1393 444 1444 absint,
467 1394 676 1450 quomodo
705 1394 861 1450 possint
890 1409 986 1434 vere
1015 1393 1163 1444 dicere,
1186 1409 1227 1434 se
1255 1393 1407 1434 habere
1439 1410 1681 1436 consensum

297 1461 406 1502 orbis
442 1463 673 1502 terrarum?
718 1463 812 1501 Aut
842 1460 964 1516 quale
995 1460 1161 1501 tandem
1193 1470 1279 1501 erat
1310 1460 1414 1501 illud
1449 1462 1681 1503 Concilium

297 1529 533 1585 proximum
555 1529 866 1580 Tridentinum,
888 1537 960 1569 aut
981 1528 1190 1584 quomodo
1210 1528 1290 1569 dici
1316 1529 1454 1585 potuit
1477 1531 1680 1586 generale,

298 1613 393 1639 cum
414 1597 467 1638 ad
486 1597 590 1638 illud
618 1612 668 1637 ex
695 1597 887 1638 omnibus
917 1596 1052 1652 regnis
1082 1605 1123 1637 et
1155 1595 1391 1652 regionibus
1424 1597 1680 1649 Christianis,

299 1665 574 1721 quadraginta
594 1673 756 1705 tantum
777 1665 977 1720 Episcopi
997 1664 1292 1715 convenissent,
1315 1673 1355 1705 et
1376 1680 1426 1706 ex
1452 1665 1531 1706 illis
1555 1665 1683 1722 aliqui

299 1732 357 1773 ita
376 1731 529 1781 diserti,
552 1740 600 1772 ut
619 1731 854 1772 remittendi
884 1747 969 1772 esse
1000 1731 1241 1772 viderentur
1271 1732 1324 1772 ad
1355 1731 1680 1779 Grammaticos;

299 1800 357 1841 ita
375 1815 473 1840 vero
493 1799 617 1849 docti,
639 1809 687 1840 ut
706 1815 920 1855 nunquam
940 1799 1188 1855 perlegerint
1209 1814 1340 1840 sacras
1359 1799 1508 1840 literas.
1553 1798 1683 1849 Quid-

300 1866 403 1923 quid
432 1874 506 1916 est,
527 1865 676 1907 veritas
696 1865 912 1922 Evangelii
933 1867 962 1906 J
966 1881 1038 1906 esu
1061 1865 1214 1906 Christi
1243 1881 1326 1907 non
1355 1866 1509 1921 pendet
1528 1881 1552 1906 a
1575 1867 1684 1907 Con-

300 1933 415 1983 ciliis,
437 1941 524 1983 aut,
546 1941 594 1974 ut
615 1932 772 1974 Paulus
792 1933 863 1982 ait,
885 1934 937 1974 ab
956 1933 1140 1990 humano
1161 1932 1236 1973 die.
1298 1933 1422 1983 Quod
1447 1933 1478 1973 si
1498 1933 1570 1983 illi,
1593 1933 1683 1988 qui-

301 2002 380 2043 bus
401 2000 626 2042 Ecclesiam
647 2000 728 2041 Dei
759 2016 869 2042 curae
896 2016 981 2041 esse
1007 2000 1204 2056 oportuit,
1227 2016 1368 2056 sapere
1397 2000 1541 2051 nolint,
1564 2010 1604 2041 et
1624 2001 1684 2041 of-

302 2069 394 2110 ficio
414 2083 489 2109 suo
508 2067 729 2118 defuerint,
751 2077 876 2124 atque
901 2068 1057 2109 animos
1086 2083 1181 2108 suos
1212 2076 1354 2108 contra
1374 2069 1513 2108 Deum
1534 2077 1575 2108 et
1595 2068 1684 2123 ejus

304 2135 517 2177 Christum
549 2135 869 2186 obfirmaverint,
901 2144 942 2176 et
970 2143 1100 2176 rectas
1129 2134 1215 2175 vias
1248 2134 1419 2175 Domini
1452 2143 1685 2190 pervertere

304 2202 572 2258 perrexerint,
605 2203 722 2243 Deus
751 2202 907 2258 lapides
936 2201 1144 2251 excitabit,
1171 2210 1212 2242 et
1240 2217 1391 2257 pueros
1420 2201 1596 2242 infantes
1625 2200 1686 2241 di-

304 2278 431 2310 sertos
465 2269 600 2320 faciet,
632 2279 680 2311 ut
709 2285 869 2326 semper
898 2269 1075 2310 existant
1109 2269 1235 2324 aliqui
1270 2285 1295 2310 a
1329 2268 1480 2324 quibus
1512 2269 1685 2309 istorum

304 2337 514 2378 mendacia
542 2337 787 2378 refutentur.
848 2339 992 2378 Potest
1025 2336 1132 2377 enim
1164 2338 1294 2386 Deus,
1326 2351 1408 2377 non
1438 2336 1569 2376 solum
1601 2336 1685 2376 sine

307 2405 511 2456 Conciliis,
534 2406 606 2446 sed
631 2406 752 2446 etiam
781 2405 920 2446 invitis
942 2405 1148 2455 Conciliis,
1171 2415 1212 2445 et
1232 2404 1352 2454 tueri,
1375 2413 1415 2445 et
1445 2419 1685 2459 promovere

307 2489 480 2529 regnum
510 2489 643 2514 suum.
706 2473 872 2523 Multae,
895 2473 1030 2529 inquit
1061 2472 1268 2523 Solomon,
1298 2481 1394 2513 sunt
1421 2471 1686 2527 cogitationes

308 2541 349 2581 in
379 2542 560 2583 humano
589 2542 736 2589 corde3
781 2542 852 2582 sed
886 2541 1056 2583 Domini
1089 2540 1302 2582 consilium
1337 2549 1474 2581 manet
1505 2540 1682 2579 firmum.

309 2609 407 2648 Non
433 2609 540 2649 enim
570 2618 630 2650 est
660 2609 870 2665 sapientia,
891 2624 974 2650 non
1004 2618 1064 2650 est
1094 2608 1327 2664 prudentia,
1349 2623 1430 2648 non
1461 2615 1521 2647 est
1543 2606 1686 2647 Consi-

309 2675 410 2715 lium
444 2686 584 2716 contra
616 2676 857 2717 Dominum.
918 2676 1126 2717 Humanis
1159 2676 1366 2732 operibus,
1399 2673 1533 2729 inquit
1567 2674 1685 2715 Hila-

310 2742 410 2793 rius,
431 2751 617 2784 extructa
646 2758 727 2784 non
752 2744 928 2791 durant;
961 2743 1078 2785 aliter
1107 2743 1360 2792 aedificanda,
1382 2740 1499 2782 aliter
1527 2756 1685 2782 conser-
