1799 3077
517 130 743 172 JUELLI
776 129 1108 181 APOLOGIA.
1418 133 1493 176 161

114 242 211 284 dere
230 243 419 300 coepisset
445 251 571 300 atque
597 242 777 284 indicare
807 242 1101 299 Evangelium,
1123 242 1258 284 dictus
1287 254 1348 286 est
1377 260 1501 288 novo-

113 325 207 351 rum
230 312 432 362 Deorum,
453 311 531 352 hoc
551 320 613 352 est
632 326 751 352 novae
771 310 978 367 religionis
1001 312 1283 352 annunciator.
1343 314 1403 354 Et
1431 330 1501 355 an-

114 393 195 419 non
217 394 450 435 possumus,
471 379 681 435 inquiunt,
703 395 754 420 ex
776 388 816 420 te
845 378 959 429 scire,
982 394 1077 434 quae
1107 378 1159 419 sit
1187 378 1264 420 ista
1294 394 1400 421 nova
1429 381 1501 422 do-

113 447 273 488 ctrina?
305 449 364 488 Et
386 447 531 488 Celsus
552 463 646 488 cum
667 463 717 488 ex
738 448 922 504 professo
944 447 1137 488 scriberet
1163 446 1361 489 adversus
1382 449 1501 490 Chri-

113 524 237 565 stum,
257 525 303 556 ut
323 515 412 571 ejus
433 515 711 572 Evangelium
734 515 925 557 novitatis
945 515 1109 556 nomine
1124 530 1198 571 per
1216 524 1499 572 contemptum

111 582 319 624 eluderet:
358 585 445 634 An,
476 584 625 640 inquit,
657 592 750 640 post
781 592 841 625 tot
872 583 1008 625 secula
1036 599 1147 625 nunc
1177 584 1344 625 tandem
1375 585 1500 626 subiit

112 651 254 692 Deum
293 661 376 692 tam
416 667 505 693 sera
540 651 800 693 recordatio?
842 652 1051 693 Eusebius
1085 652 1208 693 etiam
1244 662 1389 695 auctor
1422 663 1497 704 est,

113 719 390 761 Christianam
411 719 648 776 religionem
677 719 729 760 ab
759 719 875 761 initio
904 720 1163 761 contumeliae
1193 736 1316 762 causa
1345 721 1497 763 dictam

110 787 237 828 fuisse
258 787 337 829 νέαν
359 789 421 828 καὶ
442 788 553 838 ξένην,
574 787 653 828 hoc
674 796 747 838 est,
770 787 1028 843 peregrinam
1050 797 1091 829 et
1110 803 1273 830 novam.
1327 790 1394 830 Ita
1416 789 1497 841 isti,

110 864 249 896 nostra
269 856 407 896 omnia
428 865 476 897 ut
495 856 713 912 peregrina
738 864 779 896 et
809 871 915 896 nova
944 856 1232 907 condemnant,
1256 873 1330 898 sua
1358 866 1497 900 autem

111 925 261 974 omnia,
282 940 544 981 quaecunque
564 940 612 966 ea
632 932 742 975 sunt,
764 923 925 965 laudari
948 923 1092 965 volunt
1113 933 1160 965 ut
1186 924 1495 981 antiquissima3

111 1002 159 1034 ut
179 993 300 1034 hodie
321 993 445 1050 magi,
468 1002 508 1034 et
533 992 719 1042 malefici,
742 992 896 1048 quibus
925 1007 1020 1033 cum
1051 992 1129 1033 diis
1158 992 1298 1033 inferis
1327 1008 1391 1034 res
1421 1003 1496 1044 est,

110 1060 246 1102 dicere
267 1062 410 1112 solent,
433 1078 474 1103 se
493 1062 644 1102 habere
664 1061 790 1102 libros
812 1076 920 1110 suos,
942 1070 1067 1117 atque
1088 1061 1226 1102 omnia
1246 1077 1359 1102 sacra
1377 1070 1418 1102 et
1438 1077 1499 1102 re-

111 1119 275 1171 condita
307 1129 502 1187 mysteria
538 1130 590 1170 ab
621 1128 867 1179 Athanasio,
899 1144 924 1169 a
960 1129 1186 1186 Cypriano,
1216 1145 1241 1170 a
1277 1130 1412 1180 Mose,
1444 1130 1497 1171 ab

110 1198 262 1248 Abelo,
285 1198 337 1239 ab
367 1198 549 1249 Adamo,
577 1208 702 1254 atque
733 1197 856 1239 etiam
886 1197 939 1237 ab
970 1197 1237 1254 Archangelo
1268 1197 1496 1254 Raphaele,

110 1281 195 1321 quo
214 1281 279 1306 ars
299 1265 369 1306 illa
395 1265 605 1315 excelsior,
627 1276 668 1306 et
699 1264 874 1306 divinior
897 1264 1125 1320 judicetur,
1147 1280 1242 1321 quae
1272 1265 1324 1306 ab
1355 1265 1500 1321 hujus-

110 1333 221 1375 modi
243 1334 426 1390 patronis
447 1343 488 1375 et
507 1332 791 1374 inventoribus
811 1333 996 1389 profecta
1017 1332 1078 1374 sit.
1132 1335 1199 1374 Ita
1218 1333 1298 1384 isti,
1321 1349 1406 1390 quo
1429 1334 1498 1375 illa

111 1417 186 1443 sua
205 1402 362 1457 religio,
384 1417 509 1458 quam
529 1401 607 1457 ipsi
629 1400 718 1451 sibi,
738 1401 863 1456 idque
884 1416 966 1441 non
982 1400 1040 1441 ita
1054 1400 1213 1456 pridem
1232 1411 1495 1457 pepererunt,

111 1469 174 1510 vel
196 1469 330 1511 stultis
350 1469 600 1519 hominibus,
622 1468 687 1509 vel
714 1483 860 1524 parum
893 1467 995 1524 quid
1025 1477 1163 1523 agant,
1186 1468 1372 1524 quidque
1401 1484 1497 1525 aga-

110 1548 179 1579 tur
199 1538 489 1595 cogitantibus,
511 1537 670 1578 facilius
691 1546 731 1578 et
752 1536 881 1593 magis
900 1536 1225 1587 commendetur,
1246 1552 1335 1577 eam
1367 1536 1498 1577 solent

111 1607 245 1648 dicere
265 1607 316 1647 ad
340 1622 381 1647 se
408 1606 461 1647 ab
482 1605 738 1662 Augustino,
761 1605 814 1645 ab
844 1604 1118 1660 Hieronymo,
1140 1620 1165 1645 a
1186 1605 1498 1661 Chrysostomo‚

109 1675 162 1716 ab
183 1673 420 1723 Ambrosio,
443 1673 495 1714 ab
516 1672 744 1729 Apostolis,
766 1687 791 1712 a
812 1671 980 1713 Christo
999 1672 1089 1727 ipso
1108 1671 1352 1727 pervenisse.

169 1742 276 1783 Satis
299 1742 407 1783 enim
437 1741 583 1791 sciunt,
606 1740 708 1780 nihil
738 1739 826 1780 istis
856 1739 1091 1781 nominibus
1121 1739 1364 1795 popularius
1394 1754 1496 1789 esse,

109 1819 182 1851 aut
201 1808 243 1850 in
265 1808 417 1864 vulgus
436 1808 608 1864 gratius.
659 1808 830 1857 Verum,
852 1807 955 1863 quid
977 1806 1009 1848 si
1029 1823 1089 1857 ea,
1111 1823 1206 1863 quae
1226 1806 1292 1848 isti
1312 1822 1420 1848 nova
1443 1806 1498 1846 vi-

110 1878 195 1920 deri
217 1878 376 1927 volunt,
397 1877 660 1918 inveniantur
681 1892 765 1917 esse
785 1875 1098 1932 antiquissima?
1131 1877 1311 1926 Rursus,
1331 1874 1432 1931 quid
1466 1875 1498 1915 si

109 1963 157 1988 ea
176 1947 260 1988 fere
279 1945 429 1995 omnia,
452 1961 546 2001 quae
567 1945 633 1986 isti
654 1944 911 2000 antiquitatis
932 1944 1095 1984 nomine
1116 1953 1328 2000 tantopere
1348 1943 1498 2000 praedi-

108 2022 216 2062 cant,
239 2013 311 2054 ubi
331 2029 378 2054 ea
398 2013 526 2069 probe
546 2028 592 2053 ac
609 2012 827 2069 diligenter
843 2026 992 2052 excusa
1007 2010 1176 2061 fuerint,
1194 2010 1246 2052 ad
1264 2019 1495 2052 extremum

109 2080 371 2121 inveniantur
390 2080 568 2121 recentia
588 2088 629 2121 et
649 2095 767 2121 nova.

167 2138 362 2189 Profecto
396 2150 426 2188 J
430 2148 647 2189 udaeorum
682 2147 806 2204 leges,
839 2155 880 2187 et
915 2145 1181 2196 caeremoniae,
1213 2144 1402 2201 quamvis
1432 2160 1499 2185 eas

109 2218 301 2256 Amanus
322 2225 528 2257 accusaret
545 2216 751 2266 novitatis,
770 2231 852 2256 non
869 2223 1058 2271 poterant
1074 2213 1287 2255 hominum
1304 2213 1497 2268 cuiquam

108 2299 203 2324 vere
223 2293 264 2324 et
284 2293 393 2325 recte
414 2284 610 2340 cogitanti
632 2283 762 2325 videri
784 2299 913 2324 novae.
975 2284 1110 2323 Erant
1130 2281 1237 2322 enim
1265 2280 1498 2336 antiquissi-

109 2350 186 2390 mis
213 2352 364 2392 tabulis
391 2352 650 2408 consignatae.
712 2353 772 2393 Et
803 2351 1010 2401 Christus,
1032 2349 1221 2406 quamvis
1250 2363 1342 2389 eum
1376 2348 1497 2389 multi

109 2428 306 2474 putarent
339 2420 391 2461 ab
423 2421 681 2470 Abrahamo,
713 2429 754 2460 et
783 2419 926 2475 priscis
958 2417 1153 2459 Patribus
1183 2416 1423 2466 discessisse,
1456 2425 1498 2457 et

109 2502 258 2527 novam
293 2488 503 2543 quandam
538 2487 777 2544 religionem
812 2503 887 2527 suo
917 2485 1081 2527 nomine
1109 2484 1327 2534 invexisse,
1360 2492 1497 2524 tamen

109 2569 204 2595 vere
224 2555 458 2611 respondit:
494 2555 537 2596 Si
557 2554 767 2595 crederitis
789 2553 914 2604 Mosi,
937 2551 1154 2594 crederetis
1178 2551 1278 2592 mihi
1303 2567 1493 2607 quoque:

110 2623 218 2663 Nam
242 2623 428 2664 doctrina
447 2638 539 2664 mea
559 2638 641 2663 non
662 2632 723 2662 est
743 2621 801 2662 ita
821 2636 942 2661 nova.
1004 2622 1146 2661 Moses
1166 2619 1273 2660 enim
1301 2619 1498 2674 antiquis-

110 2689 236 2730 simus
266 2701 423 2742 auctor,
445 2691 512 2732 cui
540 2706 612 2731 vos
642 2690 778 2730 omnia
809 2688 1023 2739 tribuistis,
1053 2687 1104 2728 de
1134 2703 1200 2728 me
1229 2687 1392 2728 locutus
1423 2696 1494 2726 est.

111 2759 168 2797 Et
191 2759 243 2798 D.
265 2759 435 2810 Paulus,
458 2758 732 2812 Evangelium
765 2758 867 2797 Jesu
900 2755 1071 2805 Christi,
1098 2755 1170 2796 etsi
1203 2771 1227 2795 a
1257 2754 1396 2796 multis
1429 2769 1498 2794 no-

170 2839 263 2864 vot.
290 2840 316 2865 1.
838 2838 869 2863 M
