1799 3077
300 161 383 204 368
824 159 1107 201 I‘EARSON
1114 160 1159 200 ΙΙ

103 297 280 334 mmmm,
301 291 471 326 saream,
504 275 613 316 unde
643 274 826 315 ascendit
855 284 895 315 et
926 274 1118 315 salutavit
1147 272 1374 314 Ecclesiam
1405 281 1446 313 et
1476 272 1685 314 descendit

149 341 228 369 L1V.
302 344 581 394 Antiochiam,
604 344 692 384 Act.
716 342 826 399 xviii.
848 345 914 383 22.

132 426 250 454 (Ji-audii
360 414 454 462 Quo
475 411 668 466 temporis
685 420 816 451 tractu
834 411 946 451 venit
966 410 1142 466 Apollos
1159 409 1390 465 Ephesum,
1404 418 1446 450 et
1460 425 1485 450 a
1503 409 1687 450 Priscilla

169 478 213 506 '⁴'
303 491 343 521 ct
365 480 522 537 Aquila
541 479 687 520 melius
707 479 890 530 edoctus,
913 479 1008 519 inde
1028 478 1238 535 profectus
1258 489 1319 518 est
1339 477 1599 519 Corinthum.

362 549 519 590 Paulus
548 558 687 589 autem
715 547 939 589 Antiochia
970 546 1128 588 transiit
1157 560 1231 603 per
1261 546 1467 588 Galatiam
1492 556 1533 587 et
1555 547 1689 603 Phry-

304 617 428 673 giam,
452 627 491 658 et
518 632 612 658 cum
641 615 816 672 Apollos
846 625 950 657 esset
979 615 1183 666 Corinthi,
1206 615 1316 656 venit
1344 615 1576 671 Ephesum,
1598 616 1685 656 Act.

308 686 388 726 xix.
412 688 447 726 1.

365 753 450 795 Ubi
472 752 691 809 discipulos
712 752 912 808 quosdam
935 752 1175 809 baptizavit.

365 822 471 862 Inde
490 821 728 878 praedicavit
743 821 784 862 in
808 823 1029 879 Synagoga
1048 838 1122 878 per
1143 832 1223 863 tres
1243 837 1412 863 menses.

131 908 262 937 Neronis
366 889 541 930 Claudio
563 891 670 946 Imp.
689 890 886 931 defuncto
908 905 975 931 ΙΙΙ.
1001 890 1069 931 Id.
1092 891 1238 931 Octob.
1262 892 1374 936 Nero
1396 889 1586 931 succedit.

186 961 215 1014 ¹2
367 956 508 998 Primo
540 957 715 998 Neronis
744 973 865 1008 anno,
899 957 1100 999 Claudius
1122 958 1241 999 Felix
1269 974 1293 999 a
1320 952 1485 999 Nerone
1515 958 1692 998 donatus

165 1006 227 1033 m*
310 1034 369 1066 est
396 1026 663 1076 Praefectura,
686 1042 809 1082 quam
843 1026 920 1067 sub
951 1026 1127 1068 Claudio
1153 1027 1402 1076 obtinuerat,
1425 1026 1602 1082 demptis
1622 1025 1693 1066 ali-

133 1092 263 1121 Neronis
310 1104 413 1149 quot
443 1103 603 1136 tantum
624 1096 827 1145 Urbibus,
849 1095 977 1136 Abila
998 1104 1039 1137 et
1059 1095 1244 1146 JuIiade,
1269 1095 1486 1136 Tarichaea
1505 1106 1546 1136 et
1567 1096 1607 1135 T
1612 1095 1695 1135 ibe-

186 1145 212 1165 1’
310 1163 437 1214 riade,
468 1179 571 1220 quas
606 1179 734 1220 regno
771 1165 977 1221 Agrippae
1013 1164 1172 1206 addidit
1209 1166 1345 1207 Nero:
1391 1167 1456 1212 Εἷς
1496 1165 1530 1204 δὲ
1571 1167 1695 1213 λοιπὴν

310 1231 485 1273 Ἰουδαίαν
513 1233 663 1282 Φήλικα
695 1232 918 1283 κατέστησεν
950 1232 1150 1289 ἐπίτροπον,
1183 1233 1354 1289 Joseph.
1380 1232 1432 1273 de
1462 1231 1563 1273 Bell.
1589 1233 1619 1272 J
1624 1231 1692 1272 ud.

312 1299 379 1341 lib.
403 1299 442 1340 ii.
465 1316 554 1356 cap.
571 1301 638 1341 12.
699 1302 759 1341 Et
780 1300 914 1350 Felix,
937 1300 1009 1357 qui
1038 1310 1200 1358 tempus
1222 1301 1490 1342 Praefecturae
1513 1305 1597 1341 suae
1618 1299 1696 1340 sub

314 1368 490 1409 Claudio
520 1368 561 1409 in
591 1368 814 1410 obtinenda
843 1385 973 1411 uxore
1001 1369 1186 1410 Drusilla
1214 1370 1476 1411 foeminarum
1508 1368 1697 1425 pulcher-

314 1437 416 1478 rima
442 1448 763 1494 consumpserat,
790 1437 1125 1479 administrandae
1157 1438 1384 1479 Provinciae
1408 1438 1496 1494 jam
1527 1437 1699 1493 diligen-

316 1518 376 1546 ter
405 1505 630 1554 incumbit;
672 1522 718 1547 ac
753 1506 886 1562 primo
922 1506 1155 1563 Principem
1192 1506 1398 1548 latronum
1434 1506 1697 1555 Eleazarum,

315 1574 387 1630 qui
419 1590 493 1630 per
523 1590 592 1615 xx.
625 1590 753 1616 annos
787 1574 1038 1631 provinciam
1069 1585 1288 1616 vexaverat
1321 1576 1393 1629 (ab
1423 1574 1506 1625 illo,
1538 1573 1698 1630 opinor,

319 1652 513 1698 tempore,
535 1658 619 1698 quo
642 1643 916 1684 Samaritanos
936 1643 977 1683 in
998 1652 1187 1699 apertum
1208 1643 1362 1684 bellum
1386 1651 1701 1700 prorumpentes

320 1711 479 1752 Pilatus
504 1710 752 1767 profligavit,
775 1722 814 1752 et
842 1711 982 1753 multis
1009 1712 1162 1763 occisis,
1185 1712 1364 1768 reliquos
1385 1712 1426 1752 in
1448 1712 1588 1768 fugam
1613 1727 1701 1752 ver-

320 1780 382 1829 tit,
409 1782 463 1820 A.
488 1781 542 1820 D.
567 1783 722 1834 xxxv.)
752 1789 918 1836 captum
948 1779 990 1820 in
1017 1780 1188 1822 vinculis
1214 1782 1392 1821 Romam
1413 1779 1536 1829 misit,
1558 1790 1599 1820 et
1618 1795 1702 1820 rna-

318 1848 672 1905 gnam‘latronum
701 1848 1009 1889 multitudinem
1031 1850 1140 1890 cruci
1163 1849 1329 1899 suffixit,
1352 1858 1477 1905 atque
1497 1848 1553 1889 ita
1574 1857 1700 1889 totam

321 1917 524 1973 regionem
554 1917 725 1973 pacavit.
789 1918 884 1958 Hoc
911 1918 1090 1974 primum
1116 1918 1333 1972 κατόρθωμα
1355 1918 1432 1957 sub
1456 1918 1632 1967 Nerone,
1657 1925 1702 1957 ut

321 1985 469 2026 diserte
491 1984 615 2026 tradit
636 1986 665 2025 J
669 1985 860 2041 osephus,
883 1985 950 2027 lib.
976 2002 1046 2026 xx.
1070 2002 1156 2042 cap.
1180 1986 1220 2036 6,
1245 1989 1280 2029 7.

380 2053 538 2094 Paulus
559 2053 718 2094 disserit
738 2054 779 2094 in
801 2054 938 2095 schola
960 2055 1150 2111 Tyranni
1170 2071 1244 2111 per
1260 2055 1481 2096 biennium.

198 2145 224 2165 2.
382 2123 420 2162 S.
456 2123 604 2162 Petrus
638 2122 750 2162 venit
785 2123 1048 2173 Corinthum,
1080 2138 1174 2164 cum
1210 2123 1266 2164 ibi
1301 2133 1404 2165 esset
1436 2122 1624 2179 Apollos,
1658 2130 1703 2162 ut

324 2199 436 2246 patet
456 2205 506 2230 ex
528 2189 718 2245 Epistola
739 2190 972 2232 Clementis.

174 2285 252 2314 LVI.
383 2259 450 2298 Ex
479 2273 526 2298 eo
554 2266 751 2314 tempore,
772 2274 857 2314 quo
882 2268 1027 2315 pacata
1047 2260 1159 2315 regio
1179 2269 1253 2310 est,
1275 2259 1405 2301 sicarii
1432 2259 1472 2299 in
1502 2259 1602 2299 urbe
1626 2258 1703 2299 orti

255 2369 259 2374 ,
326 2335 435 2376 sunt,
458 2335 600 2367 contra
620 2342 723 2382 quos
745 2327 861 2368 Felix
886 2327 985 2367 nihil
1007 2327 1113 2368 fecit.

148 2373 278 2443 Nerzcms
386 2394 467 2435 Sed
497 2394 774 2435 Jonathanem
808 2395 899 2451 (qui
932 2410 1038 2436 unus
1068 2398 1107 2435 ἐκ
1139 2401 1208 2435 τῶν
1238 2395 1437 2452 ἀρχιερέων
1467 2394 1565 2448 fuit)
1589 2393 1707 2434 nimis

330 2462 453 2502 libere
473 2478 567 2503 eum
588 2462 953 2518 reprehendentem
970 2479 995 2504 a
1010 2463 1160 2504 sicariis
1180 2463 1307 2504 occidi
1329 2463 1497 2504 curavit.
1538 2463 1595 2503 Et
1617 2471 1708 2518 post

329 2546 422 2570 cum
454 2530 573 2571 multi
603 2546 627 2572 a
657 2530 806 2572 sicariis
841 2531 918 2572 illis
950 2531 1248 2587 Hierosolymis
1284 2531 1403 2572 occisi
1434 2541 1542 2579 sunt,
1577 2529 1709 2571 Festis

331 2598 534 2653 praecipue
555 2599 711 2639 diebus.

391 2665 545 2706 Paulus
567 2666 725 2708 disserit
747 2667 787 2707 in
809 2667 946 2708 schola
966 2669 1165 2723 Tyranni.

391 2733 633 2774 seductores
659 2735 828 2790 quidam
859 2736 1022 2776 fanatici
1055 2736 1256 2792 populum
1285 2737 1362 2777 sub
1390 2745 1592 2792 praetextu
1623 2734 1711 2775 reli-

332 2800 461 2852 gionis
499 2801 537 2841 in
577 2802 782 2843 desertum
814 2804 1132 2858 congregabant,
1166 2804 1447 2859 promittentes
1480 2805 1618 2844 Deum
1655 2795 1711 2843 cis
