1799 3077
543 110 774 152 JUELLI
810 111 1148 152 APOLOGIA.
1459 116 1542 159 197

150 224 326 266 ultorem
358 240 492 266 causae
523 241 620 266 suae.
681 226 800 267 Deus
831 241 872 267 se
903 225 1044 266 haberi
1074 223 1256 265 ludibrio
1290 239 1373 266 non
1408 225 1535 267 sinet:

148 293 412 334 ‘Iamdudum
452 293 638 334 homines
678 293 834 344 vident,
876 293 979 349 quid
1016 302 1176 349 agatur.
1239 293 1327 333 Ista
1359 293 1538 344 flamma,

146 372 304 418 quanto
334 361 465 418 magis
494 361 749 418 reprimitur,
782 371 897 403 tanto
931 361 1063 417 magis
1095 361 1309 417 magisque
1344 362 1537 418 erumpit,

96 462 103 463 ff
146 440 273 486 atque
305 430 450 471 evolat.
514 429 744 471 Infidelitas
776 430 949 471 istorum
980 445 1062 470 non
1091 428 1361 470 frustrabitur
1392 430 1537 471 Fidem

148 499 241 539 Dei.
305 498 428 548 Quod
450 498 482 539 si
503 498 699 539 duritiam
730 499 847 540 istam
871 499 1099 539 animorum
1132 513 1299 554 ponere,
1322 508 1362 539 et
1385 499 1539 540 Christi

146 566 427 622 Evangelium
458 566 638 622 recipere
670 567 934 617 recusabunt,
968 564 1201 615 Publicani,
1234 575 1274 606 et
1307 577 1539 622 peccatores

146 644 403 676 antevertent
424 635 503 676 illis
523 635 565 675 in
586 651 714 691 regno
736 635 828 675 Dei.

202 705 335 754 Deus,
358 714 398 744 et
427 705 552 744 Pater
583 703 752 743 Domini
780 703 907 743 nostri
929 704 958 742 J
962 718 1034 743 esu
1056 700 1211 742 Christi
1241 700 1319 741 illis
1346 702 1537 743 omnibus

144 771 285 812 ocuios
325 770 496 827 aperiat,
528 779 576 811 ut
616 771 755 811 videre
796 771 955 827 possint
984 770 1145 810 beatam
1179 769 1290 809 illam
1323 785 1450 825 spem,
1483 770 1536 811 ad

144 854 270 894 quam
293 839 425 880 vocati
447 847 558 889 sunt,
581 847 629 879 ut
650 854 734 879 una
763 853 902 879 omnes
932 837 1208 893 glorificemus
1239 851 1369 877 unum
1402 836 1533 888 illum,

144 914 185 946 et
219 921 362 947 verum
395 907 551 956 Deum,
583 921 764 962 eumque
794 920 920 961 quem
955 904 1007 945 de
1038 904 1142 945 coelo
1176 903 1227 944 ad
1264 919 1338 944 nos
1372 903 1536 944 demisit

144 974 292 1014 Jesum
325 973 554 1025 Christum,
591 973 658 1014 cui
694 989 777 1014 una
806 988 901 1014 cum
935 974 1074 1022 Patre,
1106 980 1147 1013 et
1180 973 1329 1013 Sancto
1362 970 1532 1027 Spiritu,

144 1041 357 1095 reddatur,
394 1043 526 1084 omnis
555 1043 700 1093 honor,
737 1051 778 1084 et
813 1041 945 1097 gloria
973 1041 1014 1082 in
1045 1055 1209 1082 omnem
1249 1039 1531 1081 aeternitatem.

145 1112 295 1151 Amen.

807 2807 878 2845 03
