1799 3077
520 122 744 163 JUELLI
778 122 1118 164 APOLOGIA.
1428 129 1510 172 149

121 249 278 276 sorores
307 234 537 290 fratresque
569 233 817 283 salutarent3
861 251 944 276 non
975 235 1158 285 deerant,
1187 236 1258 291 qui
1289 237 1508 280 calumnia-

117 311 275 351 rentur,
309 301 566 343 Christianos
602 301 765 342 nullum
800 302 951 344 habere
981 303 1088 344 inter
1118 318 1159 344 se
1189 302 1405 344 discrimen
1435 317 1507 348 aut

117 371 264 421 aetatis,
286 379 359 411 aut
378 369 563 426 generis;
599 370 670 410 sed
690 385 831 411 omnes
852 371 1076 412 bestiarum
1097 371 1180 411 ritu
1201 371 1431 426 promiscue
1447 374 1504 414 in-
1517 386 1635 416 Tertul.
1650 390 1681 417 in

117 449 179 479 ter
199 454 241 479 se
261 437 546 479 concumbere.
607 439 666 478 Et
685 453 778 478 cum
801 438 1044 494 precationis
1072 447 1114 479 et
1140 438 1360 494 Evangelii
1390 441 1505 481 audi-

115 506 210 547 endi
231 521 354 546 causa
375 521 482 561 saepe
502 505 608 546 inter
630 521 670 546 se
699 505 741 546 in
771 515 932 562 crypta,
954 515 996 547 et
1025 505 1167 546 abdita
1196 506 1387 562 quaedam
1418 507 1506 548 loca

114 573 393 624 convenirent,
416 573 528 629 quod
556 573 665 614 idem
692 573 900 615 interdum
928 574 981 615 ab
1012 573 1249 615 hominibus
1278 575 1504 630 conjuratis

114 642 261 683 soleret
295 641 397 691 fieri,
430 657 614 682 rumores
649 641 813 697 publice
844 642 1145 698 spargebantur
1175 658 1242 683 eos
1272 643 1504 699 conspirare

114 708 219 757 inter
240 725 295 761 se,
318 719 359 750 et
379 709 530 750 habere
551 709 718 750 consilia
738 709 802 749 vel
830 709 882 750 de
910 709 1142 750 occidendis
1173 710 1501 765 Magistratibus,

113 777 178 817 vel
199 777 251 817 de
271 776 493 817 evertenda
513 776 682 832 Repub.
735 777 941 832 Quodque
969 777 1022 817 ad
1049 776 1244 832 agitanda
1275 793 1387 818 sacra
1416 792 1503 833 my-

114 844 235 884 steria
254 843 306 884 de
329 843 520 885 instituto
542 843 712 895 Christi,
733 844 977 885 adhiberent
1007 860 1153 900 panem
1185 855 1226 886 et
1247 846 1405 895 vinum,
1427 861 1504 901 pu-

114 912 310 953 tabantur
344 928 368 953 a
401 912 542 952 multis
578 927 660 952 non
692 912 907 953 Christum
938 911 1084 961 colere,
1117 913 1187 953 sed
1220 914 1431 954 Bacchum
1463 924 1503 955 et

114 981 332 1027 Cererem3
372 980 494 1036 'quod
527 979 597 1020 illa
631 980 799 1021 numina
833 981 886 1021 ab
919 981 1109 1022 Ethnicis
1146 982 1382 1023 hominibus
1411 998 1504 1039 pro-

112 1048 208 1089 fana
229 1047 531 1104 superstitione,
553 1047 673 1088 simili
695 1048 793 1099 ritu,
814 1063 919 1104 pane
941 1058 981 1089 et
1002 1049 1098 1089 vino
1119 1049 1361 1091 colerentur.

166 1115 458 1157 ‘credebantur
487 1115 565 1156 ista
593 1131 618 1156 a
647 1116 802 1166 multis,
835 1131 917 1157 non
947 1116 1061 1172 quod
1089 1132 1185 1158 vera
1215 1126 1349 1159 essent
1379 1120 1499 1175 (quid

111 1183 218 1223 enim
239 1198 324 1224 esse
344 1193 481 1239 posset
500 1184 682 1239 minus?)
716 1185 785 1225 sed
807 1186 920 1240 quod
941 1194 1073 1226 essent
1089 1185 1336 1238 verisimilia,
1351 1197 1391 1228 et
1413 1203 1501 1244 spe-

110 1251 170 1293 cie
188 1251 328 1308 aliqua
347 1252 432 1292 veri
453 1261 620 1308 possent
640 1252 793 1294 fallere.

169 1320 237 1360 Ita
265 1319 331 1360 isti
356 1335 430 1360 nos
460 1319 767 1362 calumniantur
797 1336 882 1361 esse
912 1321 1138 1371 haereticos,
1160 1321 1213 1362 ab
1244 1323 1429 1364 Ecclesia
1458 1334 1499 1365 et

111 1387 265 1429 Christi
285 1388 573 1429 communione
594 1388 845 1437 discessisse;
879 1404 961 1430 non
983 1389 1096 1444 quod
1116 1389 1193 1429 ista
1213 1405 1309 1431 vera
1329 1391 1498 1433 credant

111 1456 265 1512 (neque
286 1456 393 1497 enim
409 1455 452 1497 id
473 1456 552 1496 illis
572 1472 682 1497 curae
703 1460 782 1511 est)
807 1456 877 1497 sed
897 1456 1011 1512 quod
1032 1472 1080 1497 ea
1108 1456 1344 1498 hominibus
1371 1458 1497 1515 impe-

108 1523 196 1564 ritis
209 1524 365 1580 possint
377 1523 516 1579 aliqua
532 1523 638 1564 forte
654 1524 811 1564 ratione
828 1523 957 1564 videri
971 1539 1077 1564 vera.
1120 1524 1208 1564 Nos
1224 1525 1333 1565 enim
1349 1526 1496 1568 disces-

108 1590 250 1642 simus,
271 1607 354 1632 non
380 1600 428 1632 ut
448 1591 629 1632 haeretici
652 1591 795 1642 solent,
817 1591 870 1632 ab
891 1591 1073 1632 Ecclesia
1094 1591 1263 1642 Christi,
1290 1593 1360 1633 sed
1381 1595 1495 1650 quod

108 1673 248 1700 omnes
267 1659 363 1700 boni
391 1659 558 1709 debent,
581 1675 605 1700 a
635 1659 838 1700 malorum
869 1659 1084 1700 hominum
1114 1668 1155 1700 et
1185 1659 1495 1716 hypocritarum

107 1727 363 1783 contagione.
424 1727 509 1768 Hic
530 1736 665 1768 tamen
688 1728 753 1769 isti
779 1728 947 1769 mirifice
975 1727 1248 1783 triumphant,
1270 1728 1380 1770 illam
1411 1746 1496 1771 esse

107 1794 359 1843 Ecclesiam3
392 1795 503 1836 illam
534 1811 619 1836 esse
650 1811 839 1852 sponsam
869 1795 1049 1843 Christi;
1087 1795 1198 1836 illam
1228 1812 1313 1837 esse
1342 1798 1496 1838 colum-

107 1877 202 1903 nam
222 1863 429 1911 veritatis;
463 1863 573 1904 illam
595 1879 680 1905 esse
701 1866 857 1904 Arcam
880 1865 983 1914 Noe,
1006 1874 1124 1904 extra
1143 1879 1268 1919 quam
1295 1865 1409 1906 nulla
1436 1881 1495 1906 sa-

106 1929 172 1971 ]us
202 1931 355 1987 sperari
385 1931 524 1987 possit.
586 1933 674 1973 Nos
695 1948 793 1973 vero
823 1931 1109 1972 discessionem
1139 1932 1304 1980 fecisse3
1340 1934 1495 1975 Christi

107 1998 289 2039 tunicam
308 1999 527 2047 lacerasse;
561 2015 585 2040 a
605 2014 776 2056 corpore
799 1999 953 2040 Christi
974 1999 1138 2040 avulsos
1158 2015 1257 2052 esse,
1278 2009 1319 2041 et
1337 2016 1362 2041 a
1389 2001 1494 2042 Fide

106 2066 306 2107 catholica
344 2067 549 2108 defecisse.
626 2069 820 2123 Cumque
859 2066 960 2107 nihil
1002 2066 1237 2122 relinquant
1277 2068 1490 2119 indictum,

107 2134 221 2189 quod
250 2133 293 2174 in
323 2149 410 2185 nos,
433 2135 623 2190 quamvis
654 2135 758 2176 falso
788 2144 841 2175 et⁴
858 2133 1120 2185 calumniose,
1142 2134 1222 2175 dici
1252 2135 1393 2190 possit,
1414 2136 1492 2176 hoc

107 2208 243 2241 tamen
265 2216 396 2242 unum
416 2217 499 2243 non
528 2210 702 2258 possunt
732 2202 889 2249 dicere3
922 2217 996 2242 nos
1015 2201 1080 2242 vel
1110 2216 1135 2241 a
1154 2201 1280 2242 verbo
1311 2201 1404 2251 Dei,
1428 2202 1491 2243 vel

105 2270 158 2311 ab
180 2271 393 2326 Apostolis
415 2271 585 2321 Christi,
608 2271 673 2312 vel
692 2287 716 2312 a
736 2270 944 2327 primitiva
965 2268 1148 2310 Ecclesia
1167 2268 1391 2309 descivisse.

164 2338 300 2392 Atqui
322 2353 396 2378 nos
418 2338 587 2388 Christi,
609 2347 650 2379 et
671 2338 986 2394 Apostolorum,
1004 2344 1045 2377 et
1066 2344 1297 2377 sanctorum
1316 2337 1490 2376 Patrum

106 2404 356 2459 primitivam
376 2405 615 2456 Ecclesiam,
639 2422 798 2462 semper
814 2404 1093 2462 judicavimus
1113 2418 1198 2443 esse
1222 2402 1487 2450 catholicam;

106 2487 179 2512 nec
200 2487 288 2511 eam
305 2472 546 2513 dubitamus
566 2488 700 2514 arcam
730 2475 835 2523 Noe,
858 2486 1047 2528 sponsam
1070 2469 1238 2519 Christi,
1258 2469 1490 2511 columnam

104 2548 145 2580 et
166 2539 470 2580 firmamentum
491 2540 673 2580 veritatis
693 2540 924 2596 appellare;
957 2549 1029 2579 aut
1049 2537 1091 2577 in
1107 2552 1155 2577 ea
1169 2552 1331 2577 omnem
1349 2536 1490 2578 salutis

106 2615 256 2647 nostrae
275 2607 473 2648 rationem
493 2607 704 2648 collocare.

163 2674 366 2716 Odiosum
386 2674 555 2731 quidem
576 2684 637 2716 est
656 2690 681 2715 a
701 2674 890 2715 societate
918 2673 985 2714 cui
1015 2671 1239 2713 assueveris
1268 2671 1488 2720 discedere,

105 2742 281 2784 maxime
302 2759 400 2784 vero
428 2742 593 2785 illorum
624 2742 852 2793 hominum,
881 2741 954 2798 qui
984 2740 1172 2797 quamvis
1202 2754 1283 2781 non
1315 2739 1408 2788 sint,
1431 2748 1488 2780 ta-

761 2811 833 2851 ιδ

1518 430 1683 468 Apologet.

1519 483 1583 511 cap.
1598 482 1649 513 39.

1517 795 1668 832 Augusti-

1518 846 1585 867 nuS.
