1799 3077
512 125 749 168 NOELLI
782 125 1247 168 CATECHISMUS.
1487 132 1565 175 271

179 238 389 289 confiteor,
412 254 437 279 a
455 240 580 280 Patre
600 249 641 280 et
672 238 780 280 Filio
809 239 862 280 ab
892 248 1047 281 aeterno
1074 240 1380 296 procedentem,
1404 243 1569 299 utrique
1581 258 1687 287 Tertia
1706 269 1774 298 pars

178 307 395 363 aequalem,
416 316 542 363 atque
562 307 747 364 ejusdem
768 322 937 364 prorsus
957 317 1132 360 naturae,
1157 324 1322 365 unaque
1342 325 1435 351 cum
1459 321 1571 353 utro·
1583 301 1732 382 {ffli'ffi}

178 391 261 431 que
281 376 540 417 adorandum
560 385 686 431 atque
706 375 996 417 invocandum.
1583 392 1717 416 sanctus.

237 444 301 484 M.
336 445 425 484 Cur
447 445 621 484 Sanctus
641 443 905 499 appellatur?

236 513 294 552 A.
326 512 423 552 Non
451 519 613 552 tantum
641 511 695 552 ob
716 527 833 553 suam
859 511 988 568 ipsius
1016 512 1287 564 sanctitatem,
1310 528 1405 570 quae
1426 514 1572 571 utique

180 595 341 621 summa
361 588 436 630 est,
454 579 525 620 sed
547 579 660 635 quod
681 595 755 636 per
776 595 871 621 eum
893 580 1008 622 electi
1031 581 1127 631 Dei,
1150 590 1191 622 et
1211 582 1397 623 membra
1418 583 1573 625 Christi

179 656 319 689 sancta
339 656 360 676 ¹²
374 647 614 689 efficiantur.
677 649 771 698 Qua
791 648 843 689 de
862 664 986 689 causa
1005 648 1172 690 Divinae
1192 648 1320 690 literae
1342 649 1460 691 illum
1483 652 1575 708 Spi-

178 717 306 757 ritum
326 715 654 757 sanctificationis
671 725 882 757 vocarunt.

237 786 302 825 M.
335 784 498 834 Quibus
518 783 559 824 in
582 785 705 825 rebus
726 784 833 825 hanc
855 785 1213 826 sanctificationem
1237 786 1483 828 constituis?

235 852 291 892 A.
326 851 517 892 Primum
555 851 722 907 quidem
766 851 856 908 ejus
895 851 1107 902 instinctu,
1148 852 1375 909 afflatuque
1415 854 1573 896 Divino

177 927 529 975 Xregeneramum
575 928 616 960 et
645 919 798 961 idcirco
832 919 939 961 dixit
971 920 1162 962 Christus
1192 930 1382 977 oportere
1416 937 1490 963 nos
1519 939 1572 964 ex

177 1002 286 1043 aqua
307 997 348 1029 et
379 987 525 1044 spiritu
556 987 722 1029 renasci.
784 987 952 1029 Coelesti
982 988 1126 1029 itidem
1157 989 1246 1045 ejus
1276 989 1432 1040 afflatu,
1454 992 1573 1032 Deus

178 1058 305 1098 Pater
325 1072 399 1098 nos
429 1057 505 1099 sibi
536 1056 664 1098 Filios
683 1055 914 1113 Yadoptat3
949 1057 1061 1098 unde
1091 1073 1174 1098 non
1206 1057 1412 1099 immerito
1444 1059 1572 1115 Spiri-

179 1135 246 1166 tus
279 1125 512 1182 adoptionis
543 1135 605 1166 est
635 1125 783 1167 dictus.
847 1125 928 1166 Illo
964 1125 1203 1182 interprete,
1235 1125 1423 1167 2Divina
1453 1128 1572 1169 nobis

177 1194 373 1251 mysteria
406 1193 674 1250 aperiuntur;
723 1194 812 1249 ejus
853 1193 1023 1244 lumine,
1060 1194 1293 1235 animorum
1335 1204 1571 1236 nostrorum

177 1261 300 1311 oculi,
322 1261 375 1302 ad
395 1277 443 1302 ea
463 1261 730 1318 intelligenda
749 1261 1035 1309 illustrantur,
1062 1262 1151 1318 ejus
1166 1261 1339 1319 judicio,
1361 1271 1380 1291 a
1393 1262 1456 1304 vel
1477 1279 1572 1304 con-

177 1329 399 1380 donantur,
431 1330 496 1371 vel
531 1339 793 1371 reservantur
826 1338 1019 1386 peccata;
1054 1330 1144 1386 ejus
1174 1329 1229 1380 vi,
1261 1330 1500 1386 reprimitur
1529 1339 1571 1372 et

176 1397 404 1439 bdomatur
425 1398 570 1439 vitiosa
599 1413 706 1449 caro,
730 1407 769 1439 et
801 1397 1049 1454 cupiditates
1079 1413 1219 1454 pravae
1249 1407 1491 1440 coercentur
1511 1409 1572 1441 at-

176 1482 258 1523 que
280 1466 641 1523 restringuuntur;
675 1467 764 1522 ejus
785 1466 969 1517 arbitrio,
991 1466 1235 1522 multiplicia
1255 1475 1272 1495 c
1287 1467 1397 1508 dona
1416 1467 1458 1508 in
1479 1468 1569 1525 pios

176 1534 500 1576 distribuuntur.
562 1536 606 1575 Is
632 1534 672 1575 in
695 1534 823 1590 hujus
842 1534 939 1575 vitae
960 1533 1101 1575 multis
1121 1534 1327 1591 variisque
1347 1535 1570 1577 incommo-

177 1603 254 1654 dis,
277 1603 485 1653 molestiis,
513 1611 640 1658 atque
670 1602 854 1652 miseriis,
887 1602 1174 1658 aegritudinem
1207 1603 1452 1660 luctumque
1481 1605 1569 1661 pio-

177 1686 286 1721 rum,
309 1671 382 1727 qui
400 1671 486 1712 fere
507 1680 604 1712 sunt
623 1671 666 1712 in
686 1671 764 1712 hoc
784 1670 943 1711 mundo
972 1671 1210 1727 gravissime
1230 1672 1384 1723 afflicti,
1406 1682 1446 1713 et
1466 1689 1568 1729 quo-

177 1755 269 1780 rum
302 1739 462 1781 dolores
494 1755 658 1780 omnem
693 1739 918 1780 humanam
949 1739 1266 1780 consolationem
1296 1740 1482 1791 vincunt,
1504 1757 1568 1782 ar-

177 1822 279 1847 cano
311 1807 454 1848 solatio
485 1823 574 1858 suo,
607 1817 648 1849 et
681 1807 791 1848 bona
822 1823 893 1863 spe
925 1807 1053 1857 sedat,
1086 1807 1199 1858 lenit,
1231 1818 1272 1849 et
1305 1808 1563 1857 consolatum

177 1875 288 1916 unde
309 1885 350 1917 et
369 1875 389 1905 d
404 1875 620 1926 Paracleti,
640 1875 682 1916 id
714 1885 788 1926 est,
811 1875 1074 1917 consolatoris
1094 1892 1239 1917 verum
1267 1877 1567 1933 propriumque

176 1958 326 1984 nomen
358 1944 434 1985 sibi
463 1943 616 1985 ascivit.
678 1944 786 2000 Ejus
815 1944 995 2000 denique
1026 1944 1193 1994 virtute,
1224 1960 1398 2001 corpora
1428 1955 1568 1987 nostra

176 2012 364 2053 mortalia
389 2011 686 2061 ereviviscent3
719 2013 913 2063 breviter,
935 2028 1197 2069 quaecunque
1226 2014 1344 2054 nobis
1374 2014 1567 2055 deferun-

177 2090 246 2120 tur
266 2079 308 2120 in
331 2080 497 2121 Christo
523 2081 734 2130 beneficia,
757 2096 805 2121 ea
829 2080 967 2121 omnia
990 2080 1169 2136 Spiritus
1190 2082 1316 2122 sancti
1339 2081 1487 2137 fopera
1506 2083 1567 2122 in-

176 2147 412 2203 telligimus,
444 2148 655 2199 sentimus,
687 2148 920 2205 accipimus.
984 2150 1035 2189 In
1072 2158 1280 2190 tantorum
1311 2165 1410 2206 ergo
1440 2151 1568 2191 dono-

177 2230 270 2255 rum
301 2215 487 2266 authore,
520 2231 602 2257 non
632 2216 837 2257 immerito
867 2215 1061 2257 fiduciam
1097 2225 1222 2272 atque
1253 2232 1367 2272 spem
1397 2217 1567 2258 colloca-

177 2297 284 2333 mus,
307 2298 486 2338 eumque
506 2283 691 2334 colimus,
713 2292 838 2340 atque
859 2284 1109 2325 invocamus.

236 2352 299 2391 M.
335 2353 532 2408 Superest
545 2352 631 2408 jam
655 2361 804 2408 quarta
825 2367 919 2408 pars
941 2352 992 2392 de
1016 2353 1201 2393 SANCTA
1223 2353 1455 2394 ECCLESIA
1479 2355 1566 2395 CA-
1577 2367 1696 2399 Quarta
1712 2376 1781 2405 pars

180 2433 394 2470 THOLICA,
411 2420 463 2460 de
483 2435 567 2476 qua
586 2420 689 2476 quid
711 2420 859 2461 sentias
878 2419 1022 2461 audire
1042 2419 1194 2460 velim?
1577 2410 1726 2482 ἓζὲἰὲᾜὲ.

220 2575 235 2588 ¹¹
259 2569 352 2598 Rom.
369 2568 389 2598 i.
403 2576 433 2606 4.
456 2578 508 2599 xv.
529 2567 577 2599 16.
603 2577 619 2599 z
636 2569 750 2599 Thess.
765 2568 800 2598 ii.
821 2578 868 2607 13.
892 2569 960 2598 Tit.
976 2568 1020 2598 iii.
1039 2575 1069 2608 5.
1098 2578 1109 2598 1
1129 2569 1196 2600 Pet.
1214 2569 1235 2600 ἰ.
1249 2579 1277 2602 2.
1430 2576 1444 2591 Χ
1466 2572 1562 2603 Joan.

177 2622 224 2652 iii.
240 2630 269 2661 5.
294 2622 361 2652 Tit.
378 2622 422 2651 iii.
436 2629 465 2661 5.
618 2629 631 2648 y
649 2623 743 2652 Rom.
761 2621 828 2652 viii.
850 2629 899 2661 15,
918 2631 967 2660 23-
992 2622 1064 2651 Gal.
1081 2621 1124 2652 iv.
1141 2630 1173 2662 5,
1188 2622 1218 2654 6.
1358 2630 1370 2643 2
1385 2624 1481 2654 Joau.
1497 2625 1563 2655 xiv.

182 2684 233 2714 17,
251 2675 301 2706 26.
324 2675 389 2705 xvi.
407 2684 454 2714 13.
485 2684 493 2704 ι
512 2676 585 2705 Cor.
599 2675 633 2705 ii.
654 2685 704 2713 10,
725 2685 775 2714 11,
797 2684 845 2713 13.
869 2674 986 2713 Ephes.
1002 2673 1023 2703 i.
1042 2680 1090 2713 17.
1221 2681 1235 2695 a
1256 2677 1351 2706 Joan.
1367 2686 1420 2706 xx.
1440 2686 1492 2715 22,
1513 2687 1562 2715 23.

180 2727 194 2748 b
211 2730 305 2760 Rom.
324 2730 387 2760 viii.
404 2738 437 2767 4,
455 2737 487 2769 5,
505 2729 563 2760 &c.
589 2729 657 2760 xiii.
676 2738 724 2768 14.
789 2735 802 2749 ⁰
826 2730 898 2759 Act.
914 2728 947 2758 ii.
962 2735 993 2765 4.
1022 2737 1034 2758 1
1055 2727 1129 2758 Cor.
1146 2727 1202 2758 xii.
1219 2737 1252 2766 4,
1272 2736 1302 2769 ¹7,
1321 2731 1379 2760 &c.
1433 2729 1446 2749 ⁴¹
1467 2732 1562 2760 Joan.

179 2783 243 2813 xiv.
264 2783 313 2817 16,
331 2782 380 2813 26.
404 2793 454 2813 xv.
475 2782 524 2813 26.
549 2783 615 2813 xvi.
633 2790 661 2821 7.
771 2789 783 2801 ‘²
808 2784 902 2812 Rom.
915 2781 983 2811 viii.
1002 2792 1048 2811 11.
1159 2780 1170 2800 s
1194 2792 1203 2811 1
1222 2783 1294 2813 Cor.
1311 2782 1365 2812 xii.
1382 2791 1415 2820 4,
1436 2790 1464 2822 7,
1481 2783 1539 2812 &a
