1799 3077
249 130 332 171 264
575 128 811 170 NOELLI
845 128 1302 171 CATECHISMUS.

249 251 392 299 spectu
412 251 430 271 ²
445 241 527 283 Dei
546 251 696 293 astans,
718 251 759 283 et
780 256 853 283 nos
872 242 931 282 illi
951 241 1256 293 commendans,
1273 249 1399 298 atque
1419 257 1495 298 pro
1515 243 1633 284 nobis

248 311 518 363 intercedens,
540 327 673 352 causae
704 320 854 352 nostrae
883 320 1083 367 patronus
1113 311 1275 360 existit;
1308 326 1393 368 quo
1419 311 1633 362 advocato,

248 395 371 420 causa
391 394 471 420 non
493 379 700 419 cademus.

308 449 371 489 M.
403 449 467 488 At
487 462 561 488 cur
581 461 663 487 non
684 445 823 503 potius
843 445 884 486 in
905 446 1023 487 terris
1045 446 1110 488 hic
1130 447 1344 488 nobiscum
1364 447 1543 488 mansit?

307 518 362 557 A.
396 516 554 565 Rebus,
577 530 671 570 quae
700 514 759 554 illi
788 530 813 555 a
836 515 993 555 aPatre
1023 515 1188 555 fuerant
1216 515 1436 566 mandatae,
1457 531 1637 572 quaeque

250 583 303 623 ad
334 583 507 623 salutem
538 591 718 623 nostram
750 581 1015 637 pertinerent,
1047 581 1239 623 omnibus
1268 583 1511 638 perfunctus
1540 598 1636 624 cum

251 659 369 701 esset,
391 650 493 691 nihil
523 650 581 690 illi
611 665 716 705 opus
746 649 827 690 fuit
856 649 1014 690 diutius
1042 649 1084 690 in
1115 649 1233 690 terris
1259 650 1421 691 versari.
1484 651 1567 691 Sed
1596 659 1639 692 et

252 735 347 775 quae
377 720 543 769 faceret,
576 718 608 759 si
638 733 808 774 corpore
837 733 1017 774 praesens
1046 718 1219 769 adesset,
1251 734 1299 759 ea
1327 718 1465 760 omnia
1493 719 1640 760 absens

251 787 363 837 facit,
397 796 550 836 tuetur,
576 787 714 843 juvat,
745 786 995 837 corroborat,
1029 786 1210 842 corrigit,
1246 795 1418 837 coercet,
1453 787 1637 844 castigat.

253 857 462 896 Praeterea
494 856 662 896 Sacrum
697 854 898 910 Spiritum
929 853 1101 904 bsuum,
1133 853 1194 894 uti
1232 854 1433 910 promisit,
1464 855 1567 896 coelo
1595 855 1639 896 in

253 923 378 964 corda
417 932 556 964 nostra
596 922 789 973 demittit,
825 931 873 963 ut
913 922 1182 963 certissimum
1216 922 1511 964 benevolentiae
1553 939 1640 965 suae

252 991 419 1047 pignus,
451 1007 525 1047 per
555 1006 680 1047 quem
710 1006 732 1031 e
762 990 940 1032 tenebris
974 1005 1049 1031 nos
1078 1000 1204 1046 atque
1233 990 1404 1046 caligine
1433 991 1476 1031 in
1505 991 1639 1032 lucem

253 1070 387 1110 vocat,
419 1059 621 1101 mentium
651 1058 874 1100 caecitatem
904 1058 1122 1109 illuminat,
1148 1058 1385 1100 moestitiam
1414 1075 1465 1100 ex
1495 1060 1642 1101 animis

254 1128 404 1169 nostris
423 1128 553 1184 pellit,
576 1137 616 1169 et
637 1127 802 1168 illorum
825 1127 1063 1168 vulneribus
1092 1126 1306 1175 medetur3
1340 1126 1544 1184 efficitque
1564 1129 1642 1169 Di-

254 1196 351 1237 vino
371 1206 388 1226 c
405 1197 582 1253 Spiritus
598 1196 662 1237 sui
681 1195 891 1246 instinctu,
908 1204 956 1236 ut
976 1195 1123 1237 coelum
1145 1195 1366 1246 intuentes,
1382 1206 1538 1237 mentes
1558 1197 1644 1238 ani-

254 1279 426 1320 mosque
456 1273 616 1305 nostros
645 1264 774 1304 humo
794 1263 1005 1314 excitatos,
1027 1264 1079 1304 ab
1109 1263 1393 1304 affectionibus
1427 1265 1578 1320 pravis,
1600 1274 1642 1306 et

255 1333 427 1373 terrenis
446 1333 569 1373 rebus
599 1347 777 1382 sursum,
799 1332 871 1373 ubi
892 1332 1083 1373 Christus
1103 1341 1163 1373 est
1183 1331 1235 1373 ad
1257 1332 1467 1374 dexteram
1489 1333 1640 1384 Patris,

256 1401 486 1457 erigamus3
519 1400 759 1457 cogitantes,
782 1409 1094 1456 spectantesque
1122 1416 1270 1456 supera
1299 1412 1424 1457 atque
1447 1401 1642 1452 coelestia,

256 1469 350 1510 celsi
372 1481 411 1510 et
432 1469 554 1511 erecti
584 1470 673 1510 haec
697 1478 838 1510 nostra
857 1469 1009 1525 exigua
1027 1478 1349 1520 contemnamus,
1372 1470 1513 1520 vitam,
1535 1485 1643 1511 mor-

257 1548 354 1588 tem,
372 1538 549 1589 divitias,
571 1546 848 1594 paupertates,
865 1537 1130 1592 humanaque
1145 1537 1282 1577 omnia
1297 1537 1455 1579 excelso
1475 1554 1645 1595 magno-

257 1621 339 1661 que
359 1605 496 1647 animo
517 1605 794 1661 despicientes.
858 1606 1029 1646 Summa
1048 1604 1228 1660 denique
1251 1604 1319 1646 illa
1340 1605 1405 1656 sit,
1429 1606 1643 1647 Christum

259 1675 311 1715 ad
337 1675 549 1716 dexteram
578 1674 659 1715 Dei
689 1674 949 1723 assidentem,
979 1673 1210 1730 dpotentia,
1242 1674 1476 1730 prudentia,
1507 1677 1645 1732 provi-

260 1743 400 1784 dentia
429 1759 502 1784 sua
531 1743 736 1783 mundum
758 1742 995 1782 universum
1026 1757 1167 1798 regere
1191 1750 1318 1798 atque
1345 1743 1644 1795 administrare,

259 1826 437 1861 movere,
459 1811 705 1867 gubernare,
727 1819 768 1850 et
783 1809 986 1851 moderari
1006 1809 1166 1858 omnia;
1199 1810 1342 1851 eadem
1364 1826 1495 1867 usque
1514 1812 1648 1853 factu-

260 1895 368 1929 rum,
386 1879 525 1935 quoad
545 1878 690 1919 mundi
709 1878 864 1919 fabrica
883 1877 1139 1918 dissolvetur.

320 1949 383 1987 M.
418 1949 559 1997 Quum
590 1962 689 2002 ergo
717 1961 887 2002 corpore
917 1945 1103 1987 sublatus
1133 1946 1175 1986 in
1205 1945 1370 1997 coelum,
1393 1962 1486 1988 suos
1515 1948 1582 1989 hic
1602 1948 1644 1989 in

262 2015 380 2056 terris
411 2015 602 2056 Christus
636 2029 718 2055 non
749 2014 959 2065 destituat,
991 2029 1122 2055 crasse
1145 2014 1336 2070 judicant
1367 2015 1439 2070 qui
1469 2031 1646 2072 praesen-

263 2084 359 2124 tiam
381 2082 691 2138 absentiamque
710 2082 819 2123 illius
840 2082 925 2123 solo
944 2098 1113 2138 corpore
1134 2082 1373 2123 metiuntur.

321 2154 375 2192 A.
411 2153 528 2193 Sane.
590 2152 699 2191 Nam
730 2166 793 2191 res
823 2166 918 2206 quae
947 2150 1197 2207 incorporeae
1232 2161 1343 2202 sunt,
1375 2151 1452 2192 sub
1483 2166 1645 2192 sensum

263 2219 407 2260 cadere
428 2235 510 2261 non
540 2228 723 2276 possunt.
776 2219 879 2269 Quis
899 2234 1083 2275 unquam
1106 2235 1220 2260 suam
1242 2220 1371 2276 ipsius
1390 2219 1568 2260 animam
1588 2219 1647 2259 vi-

264 2288 399 2328 derit?
433 2288 597 2329 Nullus.
658 2289 721 2328 At
742 2287 843 2343 quid
863 2287 980 2328 nobis
1000 2287 1115 2328 adest
1145 2288 1400 2343 praesentius,
1422 2287 1523 2343 quid
1553 2302 1648 2342 pro-

265 2356 820 2412 pinquius,conjunctiusve,
840 2371 965 2411 quam
986 2356 1122 2396 anima
1141 2356 1290 2412 cuique
1311 2359 1414 2397 sua?
1444 2358 1548 2406 Quae
1569 2356 1649 2412 spi-

266 2424 429 2465 ritualia
459 2434 569 2475 sunt,
592 2440 673 2465 non
694 2424 887 2465 videntur
907 2424 983 2465 nisi
1002 2433 1018 2452 e
1032 2424 1151 2465 oculo
1183 2425 1370 2481 Spiritus.
1435 2424 1647 2466 Christum

311 2515 434 2545 vdoan.
451 2515 514 2544 xvi.
535 2515 584 2545 26.
610 2515 702 2545 Rom.
718 2514 785 2544 viii.
801 2522 853 2553 34.
877 2514 959 2545 Heb.
974 2514 1027 2544 vii.
1044 2520 1093 2554 25‘.
1117 2515 1160 2544 ix.
1180 2524 1229 2553 24.
1259 2525 1268 2545 ι
1288 2517 1383 2545 Joan.
1401 2515 1433 2544 ii.
1452 2525 1478 2545 l.
1523 2521 1537 2535 a
1552 2515 1646 2545 Joan.

268 2568 404 2605 x'1v.31.
428 2569 504 2597 xvii.
519 2577 550 2605 4.
573 2569 638 2598 xix.
655 2578 707 2606 30.
780 2567 794 2587 ¹¹
816 2568 912 2597 Joan.
929 2568 994 2598 xiv.
1016 2568 1065 2605 16,
1085 2568 1135 2599 26.
1160 2570 1224 2599 xvi.
1243 2576 1273 2608 7,
1294 2579 1342 2607 13.
1368 2569 1460 2598 Rom.
1479 2579 1508 2598 v.
1527 2576 1556 2607 5.
1581 2567 1648 2597 viii.

269 2630 302 2661 9,
321 2621 368 2651 16.
396 2631 406 2650 1
429 2622 502 2651 Cor.
519 2622 575 2651 xii.
591 2631 623 2659 4,
644 2623 702 2652 &c.
727 2631 743 2652 2
761 2623 834 2653 Cor.
849 2621 870 2652 i.
889 2631 938 2652 22.
963 2621 1077 2660 Ephes.
1094 2622 1116 2652 i.
1138 2629 1185 2662 17.
1314 2629 1327 2642 ⁰
1340 2623 1436 2652 Rom.
1452 2621 1518 2651 viii.
1537 2630 1571 2658 4,
1591 2621 1648 2651 &c.

271 2675 379 2704 Colos.
394 2674 439 2705 iii.
464 2685 489 2711 1,
508 2684 536 2705 2.
561 2676 677 2715 Ephes.
692 2676 734 2706 iv.
753 2685 805 2713 22,
821 2685 873 2714 30.
1012 2674 1026 2694 ‘¹
1050 2675 1131 2706 Mat.
1149 2675 1260 2705 xxviii.
1276 2675 1323 2706 18.
1347 2675 1423 2705 Luc.
1441 2675 1461 2703 i.
1477 2683 1529 2712 33.
1551 2673 1648 2704 Joan.

271 2728 348 2760 xvii.
368 2737 396 2758 2.
421 2729 536 2767 Ephes.
554 2729 576 2758 i.
596 2738 635 2759 20
668 2739 717 2760 21.
743 2729 822 2760 Phil.
839 2729 873 2759 ii.
889 2738 922 2768 9,
944 2737 990 2758 10.
1123 2735 1134 2748 θ
1149 2729 1244 2760 Joan.
1261 2729 1324 2759 viii.
1341 2737 1393 2768 47.
1415 2727 1479 2758 xiv.
1499 2737 1549 2759 21.
1575 2728 1647 2759 Gal.

271 2782 315 2814 iii.
334 2791 359 2812 1.
383 2782 496 2822 Ephes.
514 2783 533 2812 i.
553 2782 598 2813 ιδ.
