1799 3077
440 131 668 172 NOELLI
701 130 1168 171 CATECHISMUS.
1413 135 1491 174 301

111 244 310 301 respirare
330 253 471 299 queat,
493 244 579 300 ipse
610 243 720 285 solus
741 243 896 298 ubique
925 243 1101 299 gloriose
1130 252 1288 299 regnet,
1311 244 1498 301 imperet,

111 312 350 368 triumphet.
411 313 470 353 Et
505 311 623 352 sicuti
655 312 747 352 Deo
777 320 884 367 ‘lper
922 311 1123 367 Spiritum
1155 326 1277 352 suum
1309 311 1350 352 in
1384 314 1501 355 nobis

111 389 321 436 regnante,
340 379 612 420 communitas
632 379 825 434 quaedam
857 378 1094 420 hominibus
1123 395 1218 420 cum
1249 380 1343 420 Deo
1369 390 1428 421 est
1459 381 1500 421 in

111 448 188 488 hoc
213 447 394 494 mund03
428 446 485 487 ita
505 446 742 488 foelicissimi
763 447 911 488 retiam
942 448 1081 503 Regni
1113 447 1176 488 sui
1202 447 1419 504 gaudium,
1442 458 1502 489 at-

111 531 192 570 que
221 514 395 570 gloriam
421 514 676 570 sempiternis
707 514 939 556 seculorum
967 516 1159 557 aetatibus
1180 531 1261 557 non
1282 516 1504 557 immutan-

110 584 204 623 dam
235 583 277 622 in
308 582 411 623 coelo
442 582 656 623 nobiscum
686 598 760 638 per
782 582 997 624 Christum
1029 592 1076 624 ut
1106 583 1394 633 communicet,
1417 599 1502 639 quo

111 651 283 693 coelestis
300 650 436 691 Patris
451 650 577 690 nostri
599 665 681 690 non
703 649 799 690 Filii
819 650 959 701 modo,
982 659 995 678 s
1010 652 1079 692 sed
1097 661 1138 692 et
1157 652 1342 693 haeredes
1359 651 1500 701 simus,

111 734 328 774 precamur
357 727 482 773 atque
502 727 718 773 optamus3
752 718 872 773 cujus
893 719 978 759 voti
1000 719 1166 760 Patrem
1195 719 1398 760 coelestem
1430 735 1502 760 no-

111 797 242 827 strum
263 786 486 841 aliquando
515 785 682 826 tandem
713 801 787 826 nos
816 795 1025 842 compotes
1047 787 1255 828 facturum
1277 803 1377 838 esse,
1398 787 1498 828 nihil

110 855 295 911 profecto
315 853 538 909 quicquam
558 853 807 908 ambigimus
827 862 902 894 aut
921 854 1173 895 dubitamus.

169 923 232 962 M.
266 921 377 972 Quid
397 920 546 961 deinde
568 920 784 975 sequitur?

168 991 225 1030 A.
257 990 330 1030 UT
353 1003 432 1029 DEI
456 1002 689 1028 VOLUNTAS
713 1002 847 1036 FIAT3
882 988 1108 1030 tFiliorum
1136 990 1244 1030 enim
1276 999 1350 1041 est,
1375 1001 1421 1032 ut
1450 1007 1501 1032 ex

111 1065 276 1112 patrum
308 1056 520 1097 voluntate
554 1055 680 1096 vitam
717 1070 833 1096 suam
866 1056 1096 1098 instituant.
1156 1058 1253 1098 Non
1283 1068 1425 1100 contra
1455 1068 1503 1099 ut

114 1127 310 1166 Parentes
329 1124 383 1165 ad
404 1123 606 1164 Filiorum
628 1122 883 1164 voluntatem
905 1139 990 1165 sese
1011 1124 1278 1166 conforment.

171 1193 234 1232 M.
268 1192 340 1232 An
365 1206 463 1246 ergo
493 1189 678 1231 homines
701 1190 923 1247 quicquam
954 1191 1084 1233 invito
1112 1193 1205 1233 Deo
1225 1193 1357 1234 facere
1384 1208 1502 1249 posse

111 1259 317 1302 existimas
332 1261 348 1299 ?

168 1328 224 1367 A.
257 1326 398 1368 Multa
418 1336 527 1368 certe
549 1327 698 1369 scelera
717 1336 843 1383 atque
863 1328 1033 1384 flagitia,
1052 1328 1161 1369 illius
1184 1328 1394 1370 voluntate
1410 1345 1501 1385 per-

110 1395 290 1451 graviter
310 1395 511 1446 Uloffensa,
534 1396 720 1451 quotidie
743 1411 767 1437 a
796 1395 1039 1437 mortalibus
1058 1396 1160 1443 fieri,
1183 1405 1309 1452 atque
1339 1397 1502 1439 admitti

111 1463 374 1519 perspicuum
396 1473 470 1513 est,
491 1463 696 1519 planeque
716 1463 822 1504 inter
842 1479 983 1504 omnes
1003 1473 1186 1511 constat;
1217 1464 1275 1505 ita
1295 1473 1431 1505 tamen
1453 1476 1500 1507 ut

113 1531 227 1572 nulla
244 1531 300 1581 vi,
322 1540 394 1572 aut
421 1531 658 1572 necessitate
685 1531 776 1587 cogi
810 1531 937 1587 possit
958 1532 1089 1582 Deus,
1111 1532 1212 1587 quin
1233 1532 1348 1588 quod
1368 1532 1501 1574 facere

113 1598 379 1648 Xdestinavit,
401 1598 443 1639 id
464 1599 655 1640 facillime
675 1599 834 1640 efficiat.
896 1600 992 1640 Non
1016 1608 1176 1640 tantum
1204 1600 1332 1656 igitur
1362 1616 1501 1657 preca-

113 1681 220 1717 mur,
244 1675 291 1707 ut
311 1666 425 1722 quod
452 1666 511 1707 illi
541 1667 753 1707 decretum
773 1666 914 1715 fuerit,
936 1667 1119 1714 eveniat3
1153 1668 1267 1723 quod
1288 1683 1419 1724 quum
1439 1669 1501 1710 di-

114 1733 208 1774 vina
227 1733 418 1774 voluntas
439 1734 638 1775 efficiendi
666 1734 945 1775 necessitatem
977 1750 1113 1776 secum
1146 1751 1305 1792 semper
1324 1737 1499 1788 adferat,

112 1801 274 1843 evenire
294 1817 455 1843 necesse
474 1811 558 1850 est;
594 1802 665 1842 sed
681 1817 812 1857 quum
829 1811 986 1843 mentes
1001 1812 1151 1844 nostrae
1171 1804 1501 1860 ycupiditatibus

112 1869 345 1925 flagrantes,
366 1869 612 1925 plerumque
632 1869 820 1910 ferantur
839 1869 893 1910 ad
917 1885 984 1911 eas
1003 1886 1068 1911 res
1087 1872 1353 1926 appetendaS,
1374 1882 1500 1928 atque

112 1937 380 1993 peragendas,
397 1953 493 1993 quae
511 1938 604 1978 Deo
623 1937 801 1978 maxime
822 1937 1054 1993 displicent,
1076 1938 1270 1994 petimus,
1292 1949 1340 1981 ut
1359 1955 1500 1982 omnes

112 2005 296 2046 omnium
317 2005 565 2056 voluntates,
589 2014 606 2033 z
623 2005 732 2047 Sacri
757 2005 934 2061 Spiritus
956 2006 1018 2046 sui
1042 2005 1238 2062 impulsu,
1261 2006 1314 2047 ad
1336 2022 1498 2048 sensum

112 2083 153 2114 et
173 2073 427 2115 voluntatem
460 2073 639 2115 numinis
670 2073 732 2114 sui
762 2073 820 2114 ita
848 2082 1074 2114 commutet
1102 2084 1228 2129 atque
1255 2075 1497 2126 conformet,

114 2151 159 2181 ut
190 2140 292 2181 nihil
312 2141 485 2182 velimus
515 2151 588 2182 aut
617 2151 821 2197 optemus,
844 2141 998 2181 nedum
1028 2141 1226 2182 faciamus
1255 2156 1454 2197 unquam,
1475 2157 1499 2182 a

112 2224 197 2264 quo
217 2209 357 2250 divina
376 2209 465 2265 ejus
484 2209 674 2250 voluntas
693 2208 935 2256 abhorreat3
970 2219 1010 2249 et
1029 2209 1229 2265 quicquid
1249 2225 1299 2250 ex
1320 2210 1409 2265 ejus
1429 2225 1499 2250 vo-

113 2276 271 2317 luntate
291 2286 307 2305 a
321 2276 481 2317 evenire
502 2276 782 2332 intelligimus,
804 2276 846 2316 id
869 2291 950 2316 non
975 2276 1104 2332 aequis
1131 2276 1278 2327 solum,
1301 2277 1371 2318 sed
1390 2287 1432 2318 et
1452 2277 1498 2317 li-

114 2343 306 2385 bentibus
326 2343 471 2393 animis
490 2343 750 2399 accipiamus,
772 2353 811 2384 et
832 2344 1049 2399 patiamur.

156 2451 170 2469 «ι
188 2445 282 2474 Rom.
300 2445 365 2475 viii.
380 2455 413 2485 9,
434 2454 485 2481 10,
507 2454 554 2474 11.
581 2455 592 2475 1
612 2445 708 2475 donn.
725 2444 772 2474 iii.
791 2453 842 2483 24.
865 2445 907 2475 iv.
927 2455 975 2483 13.
1099 2451 1110 2465 r
1127 2446 1210 2477 Mat.
1224 2445 1292 2476 xiii.
1308 2454 1361 2484 43.
1389 2455 1400 2475 1
1423 2446 1497 2476 Cor.

113 2498 147 2528 ii.
163 2507 195 2537 9.
220 2498 320 2536 Apoc.
337 2498 403 2528 xxi.
424 2507 475 2534 10,
496 2507 547 2534 11,
567 2499 625 2528 διο.
812 2504 823 2517 ⁸
840 2498 922 2528 Mat.
939 2508 1014 2529 xxv.
1031 2506 1085 2536 34.
1109 2499 1204 2528 Rom.
1221 2498 1287 2528 viii.
1305 2506 1355 2538 15,
1376 2498 1428 2534 16,
1448 2507 1496 2539 17.

114 2550 181 2581 Tit.
199 2551 244 2580 iii.
265 2557 293 2590 7.
424 2554 433 2571 ῑ
448 2551 531 2581 Psal.
547 2551 591 2581 xl.
609 2551 640 2581 8.
665 2551 746 2581 Mat.
763 2550 851 2581 xxvi.
868 2559 923 2590 39,
941 2559 993 2588 42.
1017 2551 1113 2581 Joan.
1131 2552 1173 2581 iv.
1187 2560 1240 2589 34.
1265 2562 1294 2582 v.
1313 2561 1366 2590 3ο.
1384 2552 1425 2583 vi.
1442 2553 1496 2591 38.

116 2604 231 2643 Ephes.
249 2604 291 2633 vi.
308 2613 334 2633 1.
364 2612 375 2632 1
395 2605 490 2633 Joan.
506 2603 540 2633 ii.
557 2613 606 2642 ¹3·
751 2610 764 2623 ¹¹
781 2603 864 2634 Psal.
879 2613 909 2632 v.
925 2611 958 2640 4,
974 2611 1003 2642 5.
1029 2604 1093 2635 xlv.
1113 2610 1143 2642 7,
1161 2604 1191 2634 8.
1217 2604 1300 2634 Psal.
1318 2605 1403 2635 cxix.
1422 2615 1494 2644 104,

118 2657 188 2688 128.
339 2664 354 2678 Χ
371 2657 454 2688 Psal.
472 2667 542 2688 cxv.
558 2667 589 2696 3.
614 2667 728 2687 cxxxv.
746 2656 777 2694 6,
799 2664 827 2696 7.
852 2657 947 2687 Rom.
963 2656 1005 2687 ix.
1025 2666 1073 2697 19.
1235 2665 1248 2684 y
1266 2658 1359 2689 Rom.
1378 2659 1444 2689 viii.
1465 2667 1495 2699 7,

116 2712 174 2741 διο.
199 2711 271 2742 Gal.
285 2721 313 2742 v.
333 2710 383 2747 16,
401 2717 449 2750 17.
591 2716 603 2730 ²
619 2710 714 2740 Rom.
729 2710 795 2740 viii.
816 2719 846 2747 2,
864 2718 896 2747 4,
915 2718 947 2749 5,
965 2710 1023 2740 ἃς.
1045 2719 1094 2748 14,
1116 2719 1166 2749 15,
1185 2710 1232 2741 16.
1267 2721 1278 2742 1
1300 2712 1373 2742 Cor.
1392 2713 1424 2743 ii.
1448 2723 1494 2743 12.

114 2764 227 2796 iii.16.
359 2771 371 2785 ³
390 2767 460 2795 Act.
477 2764 544 2794 xxi.
566 2773 613 2801 14.
640 2774 651 2794 1
674 2765 742 2795 Pet.
757 2764 803 2794 iii.
821 2771 868 2803 17.
893 2763 934 2794 iv.
953 2773 999 2801 13-
