1799 3077
250 123 335 162 318
572 121 809 163 NOELLI
844 119 1309 161 CATECHISMUS.

246 238 334 293 jam
356 235 503 277 initiati
523 234 787 284 videbantur,
809 248 877 274 eos
898 233 1109 290 Episcopo
1136 231 1333 273 sistebant.
1353 240 1478 286 atque
1499 230 1641 272 offere-

253 305 364 346 bant

313 373 377 413 M.
411 373 620 422 Quorsum
640 384 735 410 nam
756 368 892 408 istuc?

312 441 368 481 A.
401 441 466 480 Ut
495 439 604 479 idem
635 438 712 478 hoc
741 436 877 492 ipsum
911 435 1030 492 pueri
1060 444 1154 492 post
1184 435 1444 492 Baptismum
1476 442 1644 490 praesta-

255 517 360 560 rent,
382 507 496 564 quod
526 505 659 547 adulti
688 504 800 553 olim,
823 503 895 559 qui
923 513 963 544 et
985 503 1282 545 Catechumeni
1311 502 1641 559 appellabantur,

255 584 349 617 ante
371 574 647 631 Baptismum,
670 572 734 612 vel
754 571 798 611 in
816 571 906 627 ipso
927 571 1067 627 potius
1088 571 1302 627 Baptismo
1328 579 1523 626 praestare
1548 578 1645 610 sunt

257 643 375 685 soliti.
437 643 672 698 Episcopus
712 639 820 680 enim
859 638 1059 680 rationem
1096 638 1326 695 Religionis
1355 653 1380 678 a
1408 638 1547 694 pueris
1577 653 1646 678 ex-

257 711 474 767 quirebat3
507 708 626 765 pueri
654 707 774 748 Fidei
807 722 892 747 suae
921 707 1120 748 rationem
1151 707 1362 763 Episcopo
1390 705 1643 752 reddebant余

257 794 362 834 quos
384 793 480 818 vero
506 777 548 817 in
570 775 799 832 Religionis
829 774 997 815 scientia
1025 790 1265 831 progressus
1289 775 1375 830 jam
1408 773 1504 814 satis
1533 788 1648 828 mag-

258 863 332 888 nos
352 847 493 887 fecisse
514 845 750 901 Episcopus
771 843 960 900 putabat,
983 859 1051 884 eos
1080 843 1361 899 approbabat,
1396 852 1437 884 et
1456 840 1649 898 imposita

258 916 337 957 illis
366 930 508 964 manu,
532 914 637 954 bene
666 922 857 969 precatus
887 911 1132 953 dimittebat.
1196 912 1319 952 Hanc
1350 910 1547 966 Episcopi
1577 925 1648 966 ap-

259 981 544 1040 probationem
573 979 997 1035 benedictionemque,
1023 979 1151 1020 nostri
1183 979 1545 1020 Confirmationem
1577 992 1648 1034 ap-

259 1051 427 1107 pellant.

318 1121 382 1160 M.
415 1120 478 1160 At
498 1118 578 1159 alia
598 1133 732 1175 nuper
752 1117 904 1159 usitata
924 1126 1011 1159 erat
1033 1117 1366 1159 Confirmationis
1387 1115 1501 1157 ratio.

318 1187 373 1227 A.
408 1187 461 1226 In
488 1186 626 1227 locum
653 1186 780 1241 hujus
801 1184 1026 1226 utilissimae
1045 1194 1086 1225 et
1105 1184 1400 1241 antiquissimae
1422 1183 1651 1225 Confirma-

262 1254 384 1295 tionis
415 1269 536 1295 suum
566 1263 845 1295 commentum
877 1262 1192 1309 supposuerant,
1213 1262 1261 1294 ut
1291 1251 1487 1308 Episcopi
1511 1250 1652 1292 videli-

262 1332 327 1364 cet
356 1337 438 1363 non
468 1322 520 1363 de
550 1321 703 1378 pueris,
731 1337 782 1362 an
814 1321 1042 1377 Religionis
1076 1320 1292 1377 praeceptis
1320 1319 1470 1361 imbuti
1501 1328 1648 1368 essent,

263 1400 568 1447 cognoscerent,
591 1390 661 1431 sed
689 1398 737 1431 ut
765 1389 943 1430 infantes
969 1389 1107 1430 adhuc
1127 1388 1205 1429 fari
1231 1388 1400 1438 nescios,
1422 1387 1576 1428 nedum
1598 1387 1651 1427 ad

264 1458 462 1500 rationem
485 1457 603 1499 Fidei
634 1456 895 1498 reddendum
924 1456 1107 1507 idoneos,
1130 1456 1220 1497 oleo
1241 1464 1469 1512 ungerent余
1502 1454 1654 1496 additis

264 1527 352 1568 aliis
376 1527 499 1568 etiam
530 1525 781 1567 caeremoniis
812 1541 935 1566 sacrae
969 1524 1194 1581 Scripturae
1225 1533 1266 1565 et
1297 1523 1423 1565 veteri
1456 1523 1654 1564 Ecclesiae

264 1594 492 1651 incognitis,
555 1595 651 1635 Hoc
682 1607 803 1633 suum
834 1592 1048 1633 inventum
1079 1594 1390 1634 Sacramentum
1411 1607 1495 1633 esse
1516 1591 1656 1632 volue-

265 1671 378 1713 runt,
399 1671 440 1702 et
460 1661 660 1717 dignitate
691 1675 785 1701 cum
818 1660 1033 1716 Baptismo
1060 1669 1222 1701 tantum
1248 1675 1331 1701 non
1364 1660 1654 1716 exaequabant,

266 1729 542 1787 praetulerunt
581 1728 703 1769 etiam
744 1727 800 1768 illi
840 1744 984 1769 eorum
1018 1728 1157 1784 aliqui.
1219 1729 1400 1769 Omnino
1434 1728 1657 1769 voluerunt

270 1795 632 1838 Confirmationem
664 1795 771 1835 hanc
796 1810 912 1835 suam
944 1795 1145 1851 Baptismi
1176 1795 1294 1851 quasi
1321 1795 1655 1851 supplementum

269 1864 480 1921 quoddam
501 1879 600 1914 esse,
623 1873 670 1904 ut
691 1878 739 1903 ea
764 1863 1058 1913 absolveretur,
1080 1872 1205 1919 atque
1234 1864 1288 1905 ad
1318 1864 1474 1904 exitum
1505 1863 1658 1919 perdu-

268 1943 454 1980 ceretur3
488 1931 604 1987 quasi
635 1930 790 1987 alioqui
820 1931 1085 1987 imperfectus
1114 1941 1218 1972 esset
1248 1932 1501 1988 Baptismus,
1522 1930 1659 1987 pueri-

270 2016 366 2056 que,
388 2000 461 2056 qui
483 1999 697 2041 Christum
719 2015 814 2040 cum
843 1999 926 2040 suis
946 1999 1064 2040 donis
1084 1999 1126 2040 in
1148 2000 1362 2056 Baptismo
1385 2000 1474 2056 jam
1503 1998 1659 2040 induis-

271 2078 373 2119 sent,
395 2068 479 2109 sine
506 2083 554 2108 ea
584 2067 893 2108 semichristiani
920 2077 1076 2115 essent余
1110 2083 1194 2123 qua
1223 2067 1375 2124 injuria
1405 2067 1559 2108 Divino
1588 2068 1660 2108 Saf-

270 2146 493 2185 cramento,
515 2137 692 2191 Deoque
712 2135 815 2176 adeo
835 2135 926 2191 ipsi,
949 2151 995 2176 ac
1017 2135 1183 2176 Christo
1211 2135 1406 2177 servatori
1428 2135 1529 2177 sacri
1550 2136 1660 2191 Bap-

272 2204 379 2245 tismi
401 2204 579 2254 authori,
602 2203 716 2244 nulla
736 2203 867 2259 major
888 2203 974 2244 fieri
999 2219 1180 2259 unquam
1202 2204 1350 2260 potuit.

331 2273 394 2312 M.
428 2271 672 2327 Optandum
704 2287 816 2327 ergo,
847 2280 895 2312 ut
926 2280 1046 2312 vetus
1076 2271 1143 2312 ille
1173 2271 1408 2328 inquirendi
1438 2271 1480 2312 in
1510 2286 1661 2328 pueros

273 2355 361 2380 mos
379 2350 504 2395 atque
524 2340 628 2381 ratio
647 2348 918 2380 revocaretur.

331 2410 388 2448 A.
422 2407 635 2454 Maxime余
680 2407 736 2448 sic
770 2407 878 2448 enim
915 2409 1112 2448 Parentes
1143 2416 1389 2464 cogerentur
1419 2407 1472 2448 ad
1506 2406 1661 2448 satisfa-

275 2473 466 2514 ciendum
498 2490 573 2515 suo
602 2474 643 2515 in
675 2474 812 2515 liberis
842 2474 908 2530 pie
937 2474 1199 2516 instituendis
1228 2475 1374 2525 officio,
1396 2475 1510 2531 quod
1539 2475 1662 2515 hodie

277 2542 463 2597 plerique
492 2543 613 2598 plane
642 2542 967 2599 praetermittunt
986 2553 1112 2599 atque
1142 2543 1388 2599 repudiant3
1421 2559 1524 2599 quas
1544 2542 1663 2584 officii

280 2608 341 2648 sui
372 2618 507 2664 partes
543 2609 575 2649 si
606 2610 670 2650 vel
702 2612 913 2661 Parentes,
936 2610 1000 2651 vel
1029 2612 1308 2667 Praeceptores
1335 2611 1458 2652 hodie
1489 2610 1664 2666 suscipe-

279 2685 383 2726 rent,
406 2686 646 2732 praestarent
675 2688 801 2734 atquc
831 2678 1123 2735 persolverent,
1145 2679 1275 2719 mirus
1305 2689 1409 2720 esset
1436 2678 1665 2734 Religionis

282 2744 482 2799 Fideique
515 2745 759 2786 Christianae
790 2761 1010 2786 consensus
1039 2756 1164 2801 atque
1195 2755 1428 2795 concentus,
1452 2746 1523 2801 qui
1555 2760 1663 2786 nunc
