1799 3077
286 125 369 166 154
677 124 907 166 JUELLI
941 124 1280 166 APOLOGIA.

283 236 413 286 electi,
437 237 468 278 si
489 238 617 293 possit
637 237 739 288 fieri,
761 237 994 278 abducendi
1016 238 1096 279 sint
1116 238 1158 278 in
1180 252 1370 278 errorem.
1432 237 1571 292 Atque
1594 235 1673 276 ista

284 304 422 345 omnia
450 305 606 355 futura,
634 321 716 346 non
747 305 860 361 apud
893 307 1083 361 Paganos
1113 315 1186 347 aut
1212 308 1389 355 TurcaS,
1412 305 1483 345 sed
1512 304 1554 344 in
1583 303 1673 345 loco

286 383 439 423 sancte,
460 373 501 413 in
525 373 679 429 templo
700 373 795 422 Dei,
817 373 858 413 in
881 373 1079 424 Ecclesia,
1101 374 1142 414 in
1164 387 1274 415 coetu
1294 389 1341 415 ac.
1369 372 1559 415 societate
1586 371 1675 413 illo-

285 456 393 491 rum,
416 441 488 497 qui
510 441 733 497 professuri
755 441 835 481 sint
855 456 1004 481 nomen
1027 442 1193 482 Christi.
1501 432 1506 435 ,

344 510 417 559 Et,
440 509 628 564 quamvis
648 509 725 549 ista
744 509 809 549 vel
831 508 916 549 sola
935 509 1091 565 possint
1111 509 1267 550 homini
1289 509 1485 566 prudenti
1506 524 1591 549 esse
1616 523 1677 549 sa-

287 576 355 627 tis,
376 592 428 617 ne
449 586 601 618 temere
622 576 803 633 patiatur
828 576 985 632 imponi
1012 577 1088 618 sibi
1119 577 1283 618 nomine
1315 577 1524 627 Ecclesiae,
1548 586 1595 617 ut
1624 591 1676 617 ne

289 644 392 700 quid
412 644 453 685 in
475 660 565 686 eam
585 660 634 685 ex
656 645 783 686 verbo
804 644 885 686 Dei
907 644 1006 686 velit
1025 645 1248 701 inquirere,
1265 653 1402 685 tamen
1418 644 1539 684 multi
1554 643 1677 684 etiam

291 727 398 767 saepe
419 713 578 761 Patres,
601 711 678 752 viri
699 712 809 753 docti
837 722 878 752 et
907 711 981 767 pii,
1004 712 1265 753 vehementer
1295 711 1430 768 questi
1461 719 1571 761 sunt,
1590 709 1680 749 haec

291 778 429 820 omnia
449 779 532 819 suis
553 779 808 835 temporibus
828 779 1032 820 accidisse.
1093 781 1211 820 Deus
1235 779 1342 820 enim
1374 780 1417 819 in
1448 777 1583 819 media
1611 775 1681 816 illa

293 846 465 902 caligine
495 855 633 887 tamen
660 847 793 888 voluit
823 863 908 888 esse
939 846 1112 902 aliquos,
1133 847 1220 903 qui,
1242 847 1317 888 etsi
1347 862 1427 887 non
1459 846 1593 886 lucem
1622 844 1682 885 ita

294 913 555 970 conspicuam
577 922 618 954 et
637 914 837 955 illustrem
865 914 1026 965 darent,
1050 924 1184 955 tamen
1216 914 1334 970 quasi
1365 913 1579 955 scintillam
1610 911 1682 952 ali-

294 997 435 1038 quam,
453 997 577 1037 quam
594 982 780 1023 homines
795 981 836 1022 in
853 981 1031 1022 tenebris
1046 991 1189 1023 notare
1205 991 1384 1037 possent,
1401 981 1680 1022 accenderent.

353 1051 477 1090 Certe
499 1049 700 1100 Hilarius,
722 1064 816 1090 cum
845 1064 909 1089 res
935 1048 1071 1089 adhuc
1096 1048 1346 1104 incorruptae
1376 1046 1684 1104 quodammodo

294 1126 441 1167 essent,
464 1127 504 1158 et
524 1117 710 1173 integrae,
734 1126 885 1167 tamen,
910 1116 1040 1167 Male,
1062 1116 1212 1172 inquit,
1235 1132 1307 1157 vos
1336 1116 1539 1172 parietum
1570 1129 1685 1155 amor

295 1185 426 1241 cepit:
461 1184 577 1225 Male
610 1184 835 1225 Ecclesiam
876 1183 957 1224 Dei
989 1184 1031 1224 in
1063 1184 1194 1234 tectis,
1226 1184 1490 1239 aedificiisque
1519 1198 1687 1224 venera-

297 1252 422 1300 mini3
456 1251 561 1292 male
583 1252 660 1293 sub
682 1252 730 1292 iis
750 1252 860 1308 pacis
881 1267 1027 1292 nomen
1050 1251 1247 1307 ingeritis.
1293 1253 1419 1292 Anne
1440 1250 1685 1306 ambiguum

84 1346 202 1373 contra
300 1331 375 1372 est,
403 1321 447 1360 in
481 1320 529 1360 iis
560 1319 867 1361 Antichristum
898 1335 983 1360 esse
1013 1322 1250 1360 sessurum?
1301 1320 1471 1360 Montes
1501 1317 1615 1368 mihi,
1645 1326 1687 1358 et

82 1388 210 1459 33²⁰·
301 1388 443 1444 sylvae,
464 1397 505 1428 et
535 1387 663 1438 lacus,
685 1396 726 1428 et
755 1377 949 1437 carceres,
972 1396 1012 1428 et
1032 1387 1247 1443 voragines
1278 1395 1374 1427 sunt
1405 1385 1600 1433 tutiores;
1643 1385 1687 1425 in

167 1451 175 1460 ’
298 1456 378 1497 illis
398 1455 505 1497 enim
528 1456 766 1511 Prophetae,
787 1464 861 1496 aut
881 1465 1105 1505 manentes,
1127 1465 1200 1496 aut
1221 1454 1395 1496 demersi
1416 1454 1497 1494 Dei
1515 1453 1687 1509 Spiritu,

300 1524 618 1581 prophetabant.

359 1591 602 1648 Gregorius,
622 1590 740 1646 quasi
760 1589 931 1640 videret,
953 1599 1079 1646 atque
1100 1590 1237 1631 animo
1257 1589 1508 1645 prospiceret
1526 1587 1689 1628 ruinam

301 1676 455 1710 rerum,
475 1660 529 1700 ad
559 1661 587 1700 J
592 1674 766 1700 oannem
794 1658 1051 1715 Episcopum
1079 1657 1595 1714 Constantinopolitanum,
1617 1655 1691 1711 qui

302 1729 462 1785 primus
481 1727 665 1768 omnium
689 1743 729 1768 se
750 1742 858 1767 novo
885 1726 1050 1767 nomine
1082 1726 1248 1767 salutari
1273 1727 1453 1782 jusserat
1485 1724 1692 1765 universa÷

90 1818 127 1845 ln
145 1815 273 1852 registro
302 1797 381 1838 lem
404 1795 660 1852 Episcopum
682 1794 808 1836 totius
828 1794 1024 1835 Ecclesiae
1047 1794 1216 1844 Christi,
1238 1795 1294 1835 ita
1316 1794 1499 1849 scripsit:
1547 1793 1591 1835 Si
1611 1794 1693 1834 Ec-

89 1856 278 1931 {fglsltr‘s‘ssss-ad
304 1864 424 1906 clesia
444 1863 642 1919 pendebit
662 1863 714 1903 ab
735 1877 833 1912 uno,
855 1871 942 1903 tota
962 1871 1138 1903 corruet.
1199 1863 1259 1903 Et
1288 1862 1381 1917 quis
1411 1870 1485 1911 est,
1508 1861 1581 1917 qui
1610 1876 1693 1902 non

91 1954 157 1973 um.
305 1933 383 1973 hoc
395 1933 484 1988 jam
505 1931 603 1972 olim
624 1931 778 1971 factum
801 1930 981 1971 viderit?
1019 1932 1048 1971 J
1051 1946 1116 1971 am
1148 1930 1244 1971 olim
1276 1930 1510 1986 Episcopus
1541 1931 1694 1970 Roma-

91 1987 162 2068 ab.
177 1996 205 2015 v.
222 1994 270 2023 ep.
306 2016 384 2041 nus
405 1999 633 2041 Ecclesiam
655 2009 781 2040 totam
803 2014 826 2038 a
849 2014 889 2039 se
911 2014 994 2039 uno
1014 1999 1194 2054 pendere
1210 1998 1365 2046 voluit3
1399 2013 1528 2054 quare
1544 1997 1695 2037 mirum

306 2084 388 2109 non
410 2077 485 2119 est,
509 2068 541 2108 si
568 2083 616 2108 ea
639 2068 727 2123 jam
758 2066 855 2108 olim
886 2076 972 2107 tota
1001 2066 1210 2107 corruerit.
1273 2066 1512 2107 Bel-nardus
1532 2066 1694 2116 Abbas,

306 2146 401 2177 ante
422 2151 549 2176 annos
570 2135 907 2191 quadringentos,
930 2134 1046 2185 nihil,
1068 2134 1217 2190 inquit,
1235 2135 1322 2190 jam
1343 2135 1552 2190 integrum
1573 2143 1633 2175 est
1653 2134 1695 2174 in

307 2204 439 2251 clero;
474 2212 660 2259 superest
689 2212 735 2243 ut
764 2202 969 2243 reveletur
998 2202 1122 2242 homo
1151 2201 1318 2258 peccati.
1381 2201 1500 2242 Idem
1531 2201 1573 2241 in
1603 2216 1698 2242 con-

308 2271 493 2312 versione
513 2272 567 2311 D.
591 2269 736 2310 Pauli:
771 2269 960 2321 Videtur,
980 2269 1129 2324 inquit,
1146 2270 1234 2325 jam
1255 2284 1428 2310 cessasse
1444 2267 1696 2324 persecuti03

310 2339 393 2380 imo
408 2339 495 2394 jam
516 2337 658 2393 incipit
678 2337 906 2394 persecutio
927 2337 979 2377 ab
1000 2337 1091 2388 illis,
1107 2337 1179 2392 qui
1200 2337 1241 2377 in
1259 2337 1445 2378 Ecclesia
1459 2335 1611 2392 primas
1628 2335 1700 2376 ob-

311 2406 465 2447 tinent:
498 2404 638 2446 Amici
659 2405 720 2446 tui
740 2413 781 2445 et
801 2405 980 2460 proximi
1008 2404 1070 2445 tui
1096 2405 1294 2445 adversus
1324 2413 1364 2445 te
1394 2403 1699 2460 appropinqua„

312 2482 412 2514 runt
431 2482 472 2514 et
491 2482 719 2520 steterunt;
752 2488 777 2512 a
796 2472 937 2528 planta
956 2471 1072 2528 pedis
1094 2487 1226 2527 usque
1246 2472 1299 2512 ad
1323 2471 1512 2512 verticem
1541 2469 1698 2526 capitis,

315 2556 398 2581 non
419 2551 480 2581 est
501 2541 586 2581 ulla
606 2540 766 2581 sanitas.
827 2540 1006 2596 Egressa
1026 2549 1086 2581 est
1108 2539 1303 2596 iniquitas
1330 2555 1355 2580 a
1385 2538 1610 2580 senioribus
1633 2537 1702 2593 ju-

317 2609 491 2659 dicibus,
521 2609 681 2650 vicariis
711 2609 806 2658 tuis,
839 2608 911 2665 qui
939 2608 1133 2649 videntur
1162 2624 1303 2664 regere
1332 2607 1535 2664 populum
1565 2614 1700 2646 tuum.

319 2678 415 2718 Non
435 2692 653 2732 possumus
667 2678 755 2733 jam
776 2677 924 2726 dicere,
946 2685 992 2717 ut
1014 2686 1073 2717 est
1097 2676 1292 2733 populus,
1317 2676 1372 2716 sic
1401 2685 1460 2716 est
1491 2673 1701 2723 Sacerdos,

320 2744 514 2801 quoniam
538 2759 617 2785 non
639 2745 695 2786 ita
715 2755 775 2786 cst
796 2744 989 2801 populus,
1011 2754 1058 2785 ut
1088 2744 1295 2786 Sacerdos.
1358 2745 1473 2793 Heri,
1496 2742 1594 2793 heu,
1617 2742 1702 2783 Do-
