1799 3077
406 160 641 202 NOELLI
677 158 1143 200 CATECHISMUS.
1398 159 1483 202 307

95 273 196 314 dum
228 273 286 315 ita
314 273 465 314 infirmi
496 288 652 323 sumus,
678 281 724 313 ut
755 270 932 312 minimis
961 269 1192 317 momentis,
1213 278 1339 325 atque
1370 286 1483 312 occa-

95 341 276 382 sionibus
297 341 509 383 levissimis
528 341 570 381 in
589 340 778 382 fraudem
799 338 1074 395 impellamur,
1093 337 1359 393 feramurque
1378 353 1483 394 prae-

96 408 252 464 cipites.

155 479 218 517 M.
251 479 399 533 Perge.

153 546 208 585 A.
243 546 383 594 Quum
412 560 511 601 ergo
531 555 572 585 et
592 544 645 585 ab
665 543 902 585 hominibus
922 551 940 570 ⁰
954 541 1099 583 astutis
1127 548 1254 597 atque
1280 539 1483 591 violentis,

95 622 137 654 et
166 627 191 653 a
221 611 551 668 concupiscentia
586 621 743 668 Patque
778 610 1031 667 appetitione
1065 609 1247 666 propria,
1279 624 1304 650 a
1337 608 1484 658 earnis,

95 680 242 721 mundi
269 680 409 736 hujus,
431 689 556 735 atque
586 679 914 735 corruptelarum
946 676 1130 718 omnium
1161 675 1384 724 illecebris3
1420 691 1486 733 su-

96 764 172 805 per
191 748 329 789 omnia
350 763 462 797 vero,
484 763 508 788 a
529 747 662 788 fallaci
683 747 767 796 illo,
788 746 920 796 vafro,
943 756 983 786 et
1005 752 1231 785 veteratore
1252 752 1271 781 q
1285 752 1487 800 serpente,

97 816 140 857 id
171 825 231 857 est
262 815 455 865 Diabolo,
491 815 578 870 qui,
611 814 744 855 rabidi
775 823 789 842 r
801 813 929 854 leonis
969 813 1111 862 instar,
1145 827 1334 867 quaerens
1364 826 1489 867 quem

98 884 282 934 devoret,
318 898 412 924 cum
445 882 533 923 aliis
563 882 732 923 infinitis
763 880 974 922 malitiosis
1003 879 1243 936 Sspiritibus
1277 879 1387 920 mille
1418 895 1490 920 no-

97 952 216 993 cendi
245 951 404 993 artibus
440 951 493 992 ad
529 950 749 1007 perniciem
786 947 1008 997 instructis,
1041 957 1243 1004 perpetuo
1283 946 1488 1003 capitibus

97 1020 246 1061 nostris
278 1018 478 1069 imminet,
510 1017 863 1059 vehementissime
898 1016 1143 1071 assidueque
1179 1030 1487 1071 oppugnemur,

99 1088 299 1143 adeoque,
322 1102 406 1142 qua
436 1102 579 1127 sumus
608 1085 685 1142 ipsi
715 1084 966 1134 infirmitate,
999 1084 1133 1124 statim
1166 1083 1487 1133 concideremus‚

98 1156 304 1212 planeque
341 1154 393 1194 de
436 1153 554 1194 nobis
595 1162 733 1194 actum
775 1153 906 1199 foret3
951 1152 1236 1207 confugientes
1276 1151 1328 1192 ad
1364 1151 1489 1192 fidem

100 1224 223 1279 tOpt.
247 1224 364 1263 Max.
397 1222 540 1278 patris,
563 1236 657 1263 eum
689 1236 854 1262 oramus
886 1236 937 1261 ne
969 1236 1043 1261 nos
1068 1220 1109 1260 in
1143 1219 1207 1260 his
1241 1219 1492 1260 difficultati-

100 1291 180 1332 bus
200 1300 242 1331 et
260 1290 452 1346 periculis
481 1290 642 1331 deserat
672 1299 797 1345 atque
827 1288 1039 1338 destituat,
1062 1288 1130 1329 sed
1155 1298 1202 1328 ut
1223 1303 1298 1328 sua
1318 1302 1392 1328 nos
1411 1287 1492 1327 vir-

101 1369 190 1401 tute
211 1359 303 1400 uita
328 1367 473 1408 armet,
495 1367 543 1400 ut
573 1367 715 1399 eontra
744 1357 876 1398 carnis
903 1365 1054 1397 nostrae
1081 1356 1342 1412 cupiditates,
1364 1356 1492 1412 hujus

101 1427 246 1468 mundi
278 1426 502 1477 illecebras,
535 1434 576 1467 et
609 1427 772 1467 Satanae
802 1424 886 1465 vim
922 1433 1046 1479 atque
1080 1423 1283 1479 impetum
1319 1439 1401 1464 non
1431 1439 1493 1464 re-

102 1496 242 1537 sistere
276 1494 400 1535 modo
430 1504 471 1535 et
501 1509 749 1550 repugnare,
782 1493 853 1534 sed
886 1492 976 1533 illos
1010 1491 1172 1532 vincere
1207 1491 1326 1532 etiam
1366 1501 1493 1548 atque

103 1578 297 1619 superare
328 1562 562 1610 valeamus;
597 1562 738 1617 itaque
768 1560 923 1601 animas
953 1572 1112 1600 nostras
1141 1574 1166 1599 a
1195 1559 1338 1600 Xvitiis
1368 1568 1493 1615 atque

104 1631 268 1687 flagitiis
300 1639 456 1680 avocet,
489 1645 539 1670 ne
576 1629 616 1670 in
650 1629 721 1670 illa
755 1628 1011 1676 delabamur,
1042 1636 1114 1668 aut
1150 1626 1191 1666 in
1223 1626 1354 1668 officio
1384 1627 1495 1668 laba„

104 1715 200 1741 mur
219 1713 418 1754 unquam,
442 1697 512 1738 sed
538 1697 580 1737 in
608 1697 753 1753 optimi
783 1695 937 1752 pariter
966 1705 1092 1750 atque
1120 1694 1393 1750 potentissimi
1423 1710 1495 1750 pa-

105 1768 178 1809 tris
198 1766 374 1816 ytutela,
396 1774 437 1807 et
467 1764 671 1822 praesidio,
695 1774 786 1806 tuto
806 1774 847 1806 et
877 1763 962 1804 sine
994 1771 1105 1804 metu
1140 1771 1343 1818 perpetuo
1372 1762 1496 1804 latea-

106 1851 210 1877 mus.

164 1905 230 1945 M.
263 1904 425 1944 Satanae
445 1902 574 1958 igitur
594 1902 786 1944 astutiam
808 1909 933 1956 atque
953 1899 1170 1955 impetum,
1192 1897 1338 1938 mundi
1368 1897 1496 1953 hujus

105 1970 272 2013 insidias
292 1977 333 2010 et
353 1968 595 2025 praestigias,
617 1984 664 2010 ac
694 1968 826 2010 carnis
853 1976 1003 2007 nostrae
1033 1964 1285 2020 corruptelas
1305 1973 1430 2020 atque
1450 1965 1497 2005 il-

107 2038 299 2087 lecebras,
322 2036 475 2092 quibus
508 2036 633 2077 animi
663 2035 791 2076 nostri
819 2034 872 2075 ad
902 2041 1117 2090 peceatum
1148 2031 1415 2082 solicitantur,
1437 2041 1497 2072 at-

108 2122 190 2163 que
208 2103 354 2146 irretiti
375 2113 581 2155 tenentur,
605 2102 841 2145 tentationis
862 2100 1025 2142 nomine
1046 2099 1270 2155 significas.
1264 2102 1280 2130 Ρ

166 2174 221 2213 A.
257 2173 377 2222 Sane,
400 2173 649 2227 Praeceptor.

168 2241 234 2281 M.
267 2241 409 2289 Quum
431 2247 567 2279 tamen
590 2238 863 2280 tentationum
884 2235 1002 2292 quasi
1023 2234 1180 2291 laqueis
1199 2233 1384 2275 homines
1404 2248 1498 2289 eap-

111 2318 197 2350 tare
217 2317 342 2365 atque
362 2307 571 2364 implicare
592 2317 610 2336 ²
627 2309 789 2348 Satanae
817 2305 1033 2362 proprium
1056 2303 1120 2355 sit,
1140 2319 1228 2354 cur,
1248 2318 1299 2344 ne
1320 2303 1437 2343 Deus
1459 2312 1498 2343 te

111 2377 152 2417 in
174 2376 439 2418 tentationem
460 2375 644 2426 inducat,
667 2374 874 2432 precaris?

157 2542 169 2553 ⁰
188 2534 269 2564 Mat.
285 2544 316 2564 x.
333 2533 381 2564 16.
414 2535 493 2565 Luc.
508 2534 572 2565 xvi.
590 2534 621 2564 8.
659 2542 674 2564 z
694 2534 768 2563 Cor.
788 2532 831 2563 xi.
852 2538 968 2570 13,15.
1183 2536 1198 2556 Ρ
1213 2531 1282 2559 Jac.
1297 2529 1318 2559 i.
1338 2537 1386 2566 14.
1409 2528 1451 2558 iv.
1472 2538 1500 2560 1.

117 2598 129 2618 1
146 2589 240 2617 Joan.
259 2586 292 2617 ii.
312 2586 359 2617 16.
576 2593 591 2612 q
608 2587 690 2616 Gen.
707 2585 753 2615 iii.
774 2595 803 2621 1,
822 2585 880 2614 διο.
913 2592 929 2613 2
947 2582 1020 2613 Cor.
1034 2582 1077 2611 xi.
1094 2590 1125 2620 3.
1155 2581 1254 2620 Apoc.
1273 2580 1330 2611 xii.
1346 2589 1376 2618 4.
1397 2590 1452 2611 xx.
1471 2589 1502 2611 z.

114 2648 126 2662 f
146 2650 157 2670 1
178 2642 246 2671 Pet.
259 2651 289 2671 v.
307 2640 338 2670 8.
442 2638 445 2640 ’
511 2647 522 2661 ¹
540 2641 654 2679 Ephes.
669 2640 712 2669 vi.
730 2648 778 2668 11.
962 2638 970 2654 2
984 2638 1080 2665 Joan.
1096 2635 1159 2665 xvi.
1177 2645 1230 2674 33.
1264 2645 1276 2665 1
1295 2636 1391 2665 Joan.
1408 2634 1451 2663 iv.
1467 2643 1500 2671 4.

115 2702 129 2714 ¹¹
146 2695 240 2725 Rom,
259 2695 322 2724 xvi.
342 2704 392 2725 20.
421 2695 536 2733 Ephes.
553 2694 596 2723 vi.
614 2703 661 2724 ιο.
686 2702 702 2722 2
720 2692 808 2723 Tim.
823 2690 864 2720 iv.
883 2697 930 2729 17,
949 2689 996 2719 18.
1142 2694 1156 2708 x
1175 2689 1269 2719 Rom.
1286 2688 1352 2719 viii.
1368 2697 1398 2725 1,
1415 2697 1447 2725 4,
1467 2687 1500 2723 6,

118 2749 176 2778 &c.
204 2758 215 2778 1
237 2749 302 2779 Pet.
319 2749 360 2778 ἰν.
379 2758 404 2778 1.
544 2755 557 2772 ³¹
574 2747 657 2777 Psal.
675 2746 737 2777 xci.
753 2755 782 2780 1,
799 2745 857 2774 &c.
875 2748 954 2773 toto.
976 2743 1061 2773 cxxi.
1079 2747 1157 2772 t0t0.
1309 2748 1321 2762 Ζ
1338 2743 1409 2772 Act.
1427 2751 1456 2771 v.
1470 2750 1501 2779 3.

122 2813 133 2832 1
153 2804 227 2832 Cor.
245 2803 298 2832 vii*
317 2811 346 2842 5.

770 2853 845 2892 Χῖὶ
