1799 3077
484 138 708 180 NOELLI
743 138 1207 179 CATECHISMUS.
1457 143 1540 188 269

153 266 246 293 rum
269 251 530 308 Angelorum
552 251 749 292 comitatu
780 260 820 292 et
847 251 1082 308 frequentia
1111 251 1286 308 stipatus
1315 260 1439 308 atque
1468 256 1543 297 cir-

153 320 393 368 cumfusum
426 330 467 361 et
496 319 682 360 horribili
713 319 827 360 tubae
859 320 1009 371 sonitu,
1037 335 1084 361 ac
1115 319 1281 361 classico
1312 324 1540 373 tremendo,

153 388 307 429 mortui
326 403 480 438 omnes,
498 387 570 443 qui
591 387 643 428 ab
660 387 759 428 orbe
779 388 945 428 condito
966 388 1019 429 ad
1038 403 1133 429 eum
1154 403 1287 444 usque
1307 388 1416 429 diem
1432 390 1542 431 vixe-

152 466 266 507 runt,
289 456 433 497 animis
453 465 579 512 atque
599 456 840 512 corporibus
860 457 1030 513 integris
1050 457 1366 505 excitabuntur3
1400 467 1441 499 et
1466 475 1543 515 pro

153 522 372 564 itribunali
393 523 502 564 illius
526 524 686 580 judicio
716 524 934 572 sistentur,
970 525 1066 566 vitae
1097 540 1182 566 suae
1211 525 1425 576 rationem,
1447 542 1543 581 quae

152 592 205 633 ab
225 592 465 649 incorrupto
485 602 610 648 atque
631 607 772 633 severo
786 592 928 648 judice
949 592 1003 633 ad
1023 593 1237 634 veritatem
1266 594 1541 646 revocabitur,

153 676 229 717 pro
250 676 292 701 se
312 660 503 716 quisque,
520 659 738 701 reddituri.

211 729 276 769 M.
308 729 478 778 Verum,
501 743 595 768 cum
625 728 668 768 in
698 728 779 768 fine
809 728 955 769 mundi
980 729 1128 785 judicii
1160 728 1247 771 dies
1276 730 1445 771 futurus
1476 731 1540 780 sit,

151 811 345 852 morsque
366 795 557 836 omnibus
578 795 629 836 sit
649 795 817 836 definita
846 806 972 852 atque
1002 797 1239 849 constituta,
1261 799 1471 854 quomodo
1500 799 1542 839 in

153 863 352 920 Symbolo
373 863 575 919 quosdam
597 871 687 904 tum
709 862 824 904 vivos
843 863 1008 905 futuros
1029 864 1159 905 dicis?

209 933 264 972 A.
296 930 434 971 Divus
462 930 621 971 Paulus
641 930 761 971 docet
782 946 864 981 eos,
887 931 960 986 qui
992 940 1091 972 tunc
1121 941 1243 973 erunt
1264 931 1541 988 Isuperstites,

152 999 289 1040 subito
309 999 587 1040 immutandos
608 1007 732 1054 atque
757 998 1014 1039 innovandos
1034 1014 1134 1050 esse,
1156 1000 1213 1041 ita
1234 1008 1282 1040 ut
1302 1000 1438 1040 deleta
1456 1015 1544 1040 cor-

151 1082 300 1123 porum
323 1076 356 1095 m
370 1066 647 1123 corruptione,
670 1083 716 1107 ac
737 1067 985 1108 mortalitate
1006 1067 1171 1118 abolita,
1193 1067 1542 1108 immortalitatem

150 1136 402 1183 induantur3
435 1144 561 1191 atque
585 1135 674 1176 haec
694 1135 773 1176 illis
793 1136 968 1177 mutatio
988 1136 1116 1177 instar
1137 1137 1280 1177 mortis
1300 1136 1390 1187 erit,
1409 1152 1541 1192 quum

151 1213 192 1245 et
212 1214 418 1260 corruptae
438 1212 598 1245 naturae
618 1203 822 1255 interitus,
838 1204 1088 1260 incorruptae
1108 1204 1271 1246 initium
1287 1205 1456 1245 futurus
1477 1204 1539 1245 sit.

210 1271 273 1311 M.
306 1272 378 1311 An
394 1270 541 1327 judicii
561 1271 688 1327 hujus
708 1271 954 1327 cogitatione
984 1271 1073 1328 pios
1101 1271 1279 1328 percelli,
1301 1281 1427 1327 atque
1447 1272 1540 1312 hor-

150 1353 241 1379 rore
261 1338 472 1395 perfundi,
493 1338 681 1395 illudque
702 1339 968 1381 reformidare
991 1349 1032 1381 et
1052 1340 1242 1395 refugere
1263 1342 1481 1396 oporteat?

207 1408 264 1447 A.
297 1406 498 1454 Minime3
532 1406 565 1448 is
585 1407 693 1447 enim
716 1407 958 1448 sententiam
978 1408 1096 1458 feret,
1119 1407 1191 1463 qui
1219 1423 1295 1464 pro
1314 1407 1431 1448 nobis
1453 1422 1541 1447 sen-

150 1474 277 1520 tentia
295 1476 325 1515 J
330 1474 460 1515 udicis
475 1474 695 1516 damnatus
715 1486 789 1525 est,
806 1491 857 1516 ne
879 1491 952 1516 nos
972 1491 1098 1531 grave
1120 1475 1199 1516 Dei
1215 1475 1422 1532 judicium
1445 1476 1540 1516 sub-

150 1552 294 1584 euntes
323 1542 658 1593 condemnemur,
682 1543 751 1584 sed
776 1543 936 1599 judicio
965 1543 1251 1591 absolvamur;
1283 1543 1331 1593 is,
1352 1543 1538 1599 inquam,

143 1611 351 1666 judicium
390 1610 693 1667 pronunciabit,
728 1611 771 1651 in
810 1612 929 1667 cujus
969 1626 1043 1652 nos
1075 1611 1158 1652 fide
1192 1621 1318 1667 atque
1352 1611 1541 1653 clientela

151 1695 307 1729 sumus,
342 1679 498 1734 quique
534 1695 667 1720 causae
704 1687 854 1721 nostrae
887 1679 1162 1736 patrocinium
1193 1679 1382 1736 suscepit.
1445 1681 1540 1719 Imo

150 1746 347 1802 singulari
374 1746 555 1802 quadam
577 1747 885 1788 neonsolatione
915 1747 1171 1788 conscientiae
1201 1757 1351 1787 nostrae
1381 1756 1538 1787 susten-

150 1825 304 1865 tantur,
342 1824 381 1855 et
417 1815 523 1855 inter
555 1815 709 1856 medias
740 1815 866 1871 hujus
901 1815 997 1856 vitae
1031 1815 1211 1856 miserias
1241 1825 1282 1856 et
1317 1830 1536 1865 aerumnas,

147 1883 311 1940 gaudiis
340 1883 543 1933 exultant,
574 1884 688 1939 quod
720 1884 912 1925 Christus
945 1883 1067 1924 semel
1102 1884 1271 1925 futurus
1305 1883 1355 1923 sit
1390 1883 1536 1923 mundi

142 1951 302 2007 judex;
335 1951 411 1992 hac
443 1951 551 1992 enim
586 1951 763 1992 maxime
794 1967 865 2007 spe
895 1951 1079 2000 nitimur,
1102 1951 1216 2007 quod
1248 1959 1336 1991 tum
1368 1950 1536 1991 demum

147 2034 322 2074 regnum
351 2019 457 2060 illud
487 2019 804 2061 immortalitatis
833 2029 874 2060 et
903 2028 1067 2060 aeternae
1089 2019 1198 2069 vitae,
1221 2019 1419 2060 hactenus
1450 2027 1537 2058 tan-

150 2096 238 2127 tum
267 2087 550 2138 oinchoatum,
572 2088 686 2144 quod
718 2087 798 2129 Dei
829 2087 922 2128 filiis
951 2097 1045 2128 ante
1069 2088 1182 2143 jacta
1211 2087 1357 2127 mundi
1387 2086 1537 2127 funda-

148 2165 289 2196 menta
328 2156 597 2197 constitutum
639 2165 765 2212 atque
806 2155 1021 2197 definitum
1056 2156 1151 2206 fuit,
1186 2155 1298 2196 omni
1333 2170 1381 2195 ex
1418 2162 1535 2210 parte

148 2223 268 2279 plene
294 2233 335 2264 et
361 2224 570 2265 cumulate
599 2225 844 2280 perfectum,
875 2224 1123 2264 immutabili
1153 2222 1380 2264 aeternitate
1410 2222 1536 2278 possi-

148 2291 348 2333 debimus.
410 2292 570 2348 PImpii
601 2308 711 2344 vero,
738 2293 811 2348 qui
840 2292 905 2332 vel
935 2291 1016 2332 Dei
1040 2292 1245 2348 justitiam
1277 2300 1402 2346 atque
1431 2291 1533 2331 iram

148 2375 231 2401 non
260 2360 551 2412 formidarunt,
572 2361 637 2401 vel
667 2361 756 2417 ejus
786 2376 859 2417 per
891 2359 1101 2401 Christum
1132 2359 1360 2409 clementia,
1382 2359 1535 2400 miseri-

192 2515 199 2535 ¹
223 2516 316 2546 Rom.
331 2516 396 2546 xiv.
413 2525 464 2555 10,
480 2525 529 2546 12.
557 2526 568 2546 1
588 2517 662 2546 Cor.
679 2516 722 2546 iv.
738 2524 770 2553 4,
789 2523 819 2555 5.
844 2524 862 2545 2
881 2515 955 2545 Cor.
970 2524 1000 2543 v.
1023 2522 1069 2543 ιο.
1252 2512 1259 2533 ¹
1287 2522 1298 2542 1
1320 2513 1394 2543 Cor.
1410 2523 1462 2543 xv.
1481 2520 1533 2552 51.

152 2579 163 2598 1
184 2569 281 2599 Thes.
298 2569 341 2599 iv.
359 2576 407 2608 17.
533 2575 555 2588 ¹¹¹
577 2579 588 2599 1
609 2569 683 2599 Cor.
702 2579 754 2599 xv.
769 2577 824 2606 42,
841 2577 896 2606 43,
913 2575 966 2606 53,
981 2575 1032 2606 54.
1056 2566 1136 2596 Phil.
1152 2565 1198 2596 iii.
1215 2574 1264 2596 21.
1396 2572 1410 2585 ¹¹
1435 2567 1530 2596 Rom.

148 2622 215 2652 viii.
240 2632 273 2661 9,
292 2631 343 2660 23,
369 2622 422 2661 38,
447 2632 500 2662 39.
553 2632 565 2652 1
586 2622 659 2652 Cor.
677 2623 697 2652 i.
718 2629 745 2661 7.
783 2622 864 2651 Phil.
888 2621 934 2650 iii.
954 2630 1003 2650 20.
1047 2620 1114 2650 Tit.
1138 2619 1172 2649 ii.
1193 2628 1241 2658 13.
1289 2628 1305 2649 2
1324 2620 1391 2650 Pet.
1414 2619 1461 2650 iii.
1483 2629 1531 2650 η.

147 2683 160 2695 ⁰
186 2677 266 2706 Mat.
283 2687 357 2707 xxv.
374 2685 427 2714 34.
464 2686 475 2706 1
497 2677 570 2707 Cor.
587 2676 655 2706 xiii.
674 2686 706 2716 9,
726 2686 773 2706 10.
798 2685 851 2705 xv.
868 2683 922 2712 42,
940 2682 994 2712 43,
1009 2682 1062 2713 53,
1078 2681 1129 2712 54.
1259 2679 1274 2699 1¹
1300 2674 1380 2704 Mat.
1397 2674 1462 2703 viii.
1483 2683 1531 2703 12.

148 2730 227 2760 xxii.
250 2740 296 2769 ¹3·
320 2741 395 2760 xxv.
413 2740 466 2768 30,
484 2739 538 2767 41.
569 2730 650 2760 Heb.
669 2741 699 2760 x.
719 2728 771 2767 26,
791 2738 840 2769 27.
863 2730 938 2759 Jnd.
956 2728 989 2765 6,
1008 2736 1038 2769 7,
1054 2729 1085 2758 8.
1111 2730 1210 2768 Apoc.
1227 2729 1292 2759 xiv.
1314 2739 1365 2765 10,
1386 2739 1396 2758 1
1410 2738 1434 2758 1.
1462 2728 1528 2758 xix.

150 2792 200 2812 20.
224 2793 275 2813 xx.
298 2793 345 2820 10,
367 2792 413 2821 14.
439 2783 505 2814 xxi.
524 2783 553 2811 8.
