1799 3077
451 108 684 151 NOELLI
716 110 1185 153 CATECHISMUS.
1431 119 1516 161 207

123 237 174 264 ne
194 231 214 260 q
228 222 372 264 incerti
393 223 475 264 huc
495 223 593 265 illuc
613 223 832 276 ferremur,
853 224 925 265 sed
946 239 1021 280 per
1040 223 1247 266 coelestem
1264 225 1353 281 ejus
1368 226 1516 270 doctri-

123 306 219 332 nam
240 291 370 333 veluti
390 291 529 333 aditus
549 290 720 347 quidam
742 292 860 333 nobis
879 292 919 333 in
942 292 1094 334 coelum
1116 292 1298 334 daretur.

178 360 243 401 M.
275 361 364 400 Cur
385 359 467 400 Dei
486 359 662 400 verbum
683 360 942 401 Testamenti
962 360 1237 417 appellatione
1254 367 1501 418 nuncupas?

178 429 236 468 A.
269 427 378 478 Quia
396 427 440 468 in
461 427 679 484 Religione
701 428 974 484 suscipienda,
997 438 1123 485 caput
1149 445 1235 470 esse
1262 440 1435 482 constat,
1457 432 1518 473 in-

125 495 308 552 telligere
339 512 435 552 quae
466 496 517 537 sit
539 505 552 524 r
567 496 756 538 voluntas
775 497 857 538 Dei
886 497 1141 549 immortalis,
1166 498 1399 540 testamenti
1420 515 1518 541 vero

119 564 284 606 nomine
315 580 397 606 non
419 564 610 606 voluntas
641 565 789 616 solum,
820 566 890 606 sed
920 575 961 607 et
981 575 1203 623 Ssuprema
1231 567 1369 618 etiam,
1390 577 1517 624 atque

119 632 390 674 immutabilis
426 633 616 674 voluntas
651 634 929 690 significatum
982 650 1202 676 monemur
1234 651 1286 676 ne
1321 635 1436 677 aliud
1473 637 1515 677 in

120 701 363 757 tReligione
384 717 607 757 sequamur
631 712 705 743 aut
732 718 969 758 quaeramus
996 704 1188 760 amplius,
1211 719 1337 760 quam
1367 719 1390 745 a
1421 706 1516 746 Deo

118 769 176 810 ibi
197 769 418 816 docemur;
452 769 523 810 sed
546 779 593 810 ut
614 785 722 811 unus
743 780 804 811 est
824 787 947 812 verus
968 772 1100 822 Deus,
1118 771 1175 812 ita
1196 788 1305 814 unus
1326 772 1377 814 sit
1392 773 1515 815 unius

119 837 200 878 Dei
219 837 313 893 pius
333 837 469 878 cultus
490 853 680 894 puraque
703 838 879 894 Religio.
932 839 1106 896 Alioqui
1127 856 1254 882 novas
1274 842 1393 882 nobis
1413 858 1517 898 quo-

120 905 302 962 tidieque
323 915 342 933 u
356 906 656 947 commentitias
678 907 917 963 Religiones
933 908 1197 964 fingeremus,
1216 919 1257 950 et
1275 925 1350 950 sua
1366 911 1516 967 cuique

118 976 247 1032 genti,
270 993 344 1018 sua
364 977 515 1033 cuique
541 977 711 1028 civitati,
736 994 811 1018 sua
838 978 990 1034 cuique
1018 979 1175 1020 homini
1201 990 1306 1022 esset
1337 981 1514 1037 Religio.

121 1045 215 1085 Imo
236 1060 317 1085 non
339 1044 601 1101 Religionem
630 1054 671 1087 et
691 1061 831 1086 veram
862 1045 1074 1102 pietatem,
1095 1047 1298 1088 virtutum
1329 1049 1516 1091 omnium

118 1112 281 1153 initium
303 1122 429 1168 atque
449 1113 784 1164 fundamentum,
808 1114 880 1155 sed
911 1115 1242 1170 superstitionem
1275 1117 1514 1158 mendacem

117 1181 282 1237 pietatis
317 1182 522 1232 umbram,
554 1181 702 1223 ducem
738 1181 792 1223 ad
825 1198 890 1223 res
923 1184 1126 1239 gerendas
1156 1184 1426 1233 haberemus3
1471 1185 1515 1226 id

117 1249 232 1304 quod
253 1264 303 1289 ex
324 1249 553 1305 priscarum
573 1250 797 1306 xgentium
825 1250 868 1291 in
895 1251 1019 1292 rebus
1049 1252 1203 1308 alioqui
1233 1253 1426 1294 humanis
1456 1269 1516 1294 sa-

118 1317 321 1373 pientium
343 1318 465 1359 variis
486 1317 796 1374 innumerisque
823 1334 907 1360 non
937 1320 1240 1376 Religionibus,
1265 1322 1335 1362 sed
1367 1338 1512 1378 super·

118 1385 353 1427 stitionibus
373 1386 596 1442 plusquam
617 1386 796 1427 anilibus
816 1387 905 1443 ipsa
924 1399 984 1428 est
1004 1387 1095 1429 luce
1116 1388 1276 1429 clarius.

176 1455 239 1494 M.
273 1453 425 1495 Omnia
458 1469 557 1509 ergo
593 1453 646 1494 ad
681 1453 876 1509 pietatem
914 1453 1172 1510 salutemque
1207 1454 1432 1496 necessaria
1470 1454 1513 1495 in

118 1523 246 1563 verbo
265 1522 347 1563 Dei
368 1521 519 1577 scripto
540 1521 738 1562 contineri
761 1520 967 1562 affirmas?

123 1602 126 1605 '
177 1593 232 1632 A.
265 1593 449 1642 yCerte3
482 1601 587 1631 esset
609 1591 716 1631 enim
742 1590 1010 1632 intolerabilis
1036 1591 1259 1647 impietatis
1289 1600 1415 1647 atque
1445 1592 1515 1633 de-

118 1660 282 1701 mentiae
313 1659 560 1709 existimare,
583 1659 647 1700 vel
679 1661 819 1700 Deum
849 1659 1133 1715 imperfectam
1164 1660 1394 1701 doctrinam
1424 1661 1516 1702 reli-

118 1728 279 1784 quisse;
314 1727 378 1768 vel
399 1727 599 1777 homines,
621 1727 735 1783 quod
756 1727 823 1768 ille
845 1743 928 1768 non
949 1728 1180 1783 perfecerit,
1204 1728 1415 1770 absolvere
1441 1745 1514 1786 po-

117 1795 253 1837 tuisse.
316 1797 467 1852 Itaque
498 1795 705 1836 Dominus
737 1795 987 1836 severissime
1018 1796 1245 1847 interdixit,
1279 1806 1362 1838 zne
1388 1798 1514 1839 verbo

119 1880 193 1905 suo
223 1864 445 1920 quicquam
477 1864 678 1905 adderent
709 1863 775 1904 vel
806 1864 1121 1912 subtraherent3
1165 1880 1268 1906 neve
1298 1866 1351 1906 ab
1382 1882 1431 1908 eo
1461 1867 1514 1907 ad

117 1932 330 1973 dexteram
354 1931 416 1972 vel
439 1931 640 1972 sinistram
664 1931 940 1972 deflecterent.

175 2001 238 2041 M.
275 2000 317 2041 Si
336 2000 414 2041 hoc
438 2015 578 2040 verum
603 1999 654 2040 sit
677 1999 790 2055 quod
811 1999 968 2050 asseris,
991 2015 1191 2055 quorsum
1213 2011 1295 2041 tam
1318 2001 1450 2042 multa
1469 2001 1511 2042 in

119 2068 312 2109 Conciliis
340 2078 380 2109 et
407 2068 677 2108 conventibus
708 2067 1004 2108 Ecclesiasticis
1035 2069 1185 2124 saepius
1215 2069 1509 2120 decernuntur,

115 2146 156 2176 et
183 2151 207 2176 a
233 2135 363 2176 doctis
389 2135 625 2176 hominibus
651 2135 692 2175 in
724 2135 988 2176 concionibus
1019 2135 1233 2187 docentur,
1256 2137 1321 2177 vel
1353 2137 1512 2193 scriptis

119 2204 342 2245 traduntur
357 2206 372 2244 Ρ

177 2274 231 2313 A.
266 2273 373 2312 Haec
393 2271 544 2322 onmia,
566 2271 631 2312 vel
652 2271 704 2312 ad
727 2271 922 2311 obscuros
942 2271 1058 2311 verbi
1080 2271 1159 2312 Dei
1181 2271 1292 2312 locos
1312 2272 1512 2328 interpre-

119 2339 279 2389 tandos,
302 2348 342 2380 et
362 2339 414 2379 ad
437 2348 692 2395 emergentes
712 2338 1008 2379 controversias
1030 2339 1230 2380 tollendas
1247 2356 1258 2386 3
1292 2339 1356 2380 vel
1372 2340 1425 2380 ad
1442 2356 1511 2381 ex-

120 2416 276 2447 ternam
308 2407 505 2448 Ecclesiae
535 2406 877 2463 gubernationem
909 2406 1239 2448 constituendam
1274 2407 1507 2463 pertinent;

161 2552 174 2570 *⁴
191 2546 270 2576 Mat.
288 2545 367 2575 xxii.
386 2554 436 2584 29.
463 2545 546 2574 Mar.
560 2544 612 2574 xii.
635 2553 686 2582 24.
775 2551 785 2565 ¹·
802 2545 884 2574 Mat.
902 2545 955 2574 vii.
975 2552 1026 2574 21.
1043 2549 1075 2575 et
1091 2545 1147 2575 xii.
1165 2553 1216 2584 50.
1314 2552 1324 2566 ⁵
1341 2547 1447 2578 Galat.
1463 2548 1509 2579 iii.

124 2609 174 2638 15,
197 2609 245 2638 17.
389 2599 509 2629 tDeut.
527 2599 568 2628 iv.
588 2608 618 2636 2,
634 2607 666 2638 5,
683 2608 736 2637 32.
752 2603 783 2628 et
801 2599 912 2628 xxviii.
934 2607 982 2636 14.
1084 2605 1096 2618 ¹³
1114 2599 1196 2629 Mat.
1214 2610 1265 2630 xv.
1279 2610 1312 2638 3,
1329 2609 1362 2637 4,
1380 2610 1412 2641 5,
1431 2601 1449 2631 6
1481 2612 1511 2642 9.

119 2659 134 2673 x
152 2654 249 2684 Dent.
268 2654 325 2683 xii.
339 2663 395 2691 31,
413 2663 465 2692 32.
484 2658 516 2683 et
532 2653 600 2682 xiii.
621 2663 651 2689 2,
669 2662 702 2691 3,
719 2661 751 2690 4.
777 2653 868 2682 Rom.
885 2652 905 2681 i.
923 2661 973 2692 23.
1073 2659 1086 2678 -V
1104 2654 1201 2684 Dent.
1219 2654 1286 2684 xiii.
1303 2663 1336 2692 4,
1356 2655 1403 2685 18.
1425 2656 1510 2685 Psul.

120 2707 175 2736 xii.
192 2706 221 2736 6.
239 2713 271 2737 ct
287 2707 375 2737 xviii.
392 2707 441 2737 28.
459 2712 491 2738 et
507 2707 574 2738 xix.
591 2706 623 2745 6,
644 2708 702 2737 &tn
730 2707 827 2736 Joan.
845 2707 885 2737 iv.
903 2714 952 2746 25.
986 2717 998 2737 1
1020 2707 1094 2738 Cor.
1111 2708 1132 2737 i.
1150 2714 1243 2748 19.et
1259 2709 1291 2738 ii.
1309 2708 1338 2738 6.
1367 2709 1472 2738 Galat.
1491 2709 1510 2739 i.

119 2759 152 2798 8,
169 2770 198 2799 9.
245 2761 352 2790 (Iolos.
370 2761 390 2791 i.
411 2770 461 2799 25·
594 2766 605 2779 ⁷¹
624 2761 720 2791 Dent.
737 2760 778 2791 iv.
798 2769 828 2797 2,
847 2769 899 2797 40.
946 2761 1034 2790 Prov.
1053 2772 1129 2792 xxx.
1147 2762 1178 2792 6.
1227 2762 1312 2793 Esai.
1328 2772 1405 2792 xxx.
1425 2771 1473 2792 21.
