1799 3077
264 135 318 177 60
708 135 1211 177 PROTESTATIO

265 249 447 291 Obsecro
467 263 552 298 vos,
579 257 718 289 notate
737 249 909 290 verbum
934 249 1238 305 (semetipsum)
1261 247 1375 304 quod
1404 247 1509 289 bene
1539 257 1653 288 nota-

265 326 354 358 tum
375 316 531 357 dirimit
556 315 831 372 proculdubio
862 316 1091 357 universam
1124 315 1452 366 controversiam.
1515 316 1653 370 Negat

263 385 331 426 ille
351 385 472 441 plane
492 384 528 425 ei
550 384 622 440 qui
644 383 884 439 sanguinem
908 384 1180 435 Testamenti,
1201 399 1276 440 per
1302 398 1426 439 quem
1457 382 1538 424 fuit
1567 382 1654 438 ipse

264 453 553 502 sanctificatus,
584 451 853 502 conculcavit,
883 451 1083 507 reliquam
1115 467 1201 493 esse
1230 451 1421 502 hostiam,
1452 466 1535 492 non
1566 450 1657 490 vult

264 521 412 563 iterum
446 521 638 562 Christus
667 519 866 575 crucifigi,
892 534 975 560 non
1002 518 1092 560 vult
1122 528 1298 561 mortem
1329 533 1445 560 suam
1474 518 1655 559 ludibrio

265 589 428 646 exponi.
479 590 539 630 Et
558 588 612 630 ad
635 587 791 630 Coloss.
812 588 841 638 i,
865 586 1162 628 Reconciliavit
1182 603 1256 629 nos
1275 588 1317 628 in
1338 602 1509 643 corpore
1524 586 1656 628 carnis

266 673 366 710 suae,
389 658 622 711 (observate
641 656 829 711 obsecro)
852 670 934 696 non
955 654 1054 696 dicit
1074 655 1115 696 in
1142 655 1337 711 mysterio
1366 654 1562 710 corporis,
1585 653 1656 694 sed

263 725 305 767 in
327 740 497 782 corpore
517 724 649 766 carnis
669 739 764 765 suae.
816 725 875 765 Et
896 724 917 764 1
945 724 1061 764 Ioan.
1083 723 1126 773 ii,
1152 723 1290 779 Siquis
1319 722 1564 779 peccaverit,
1586 722 1658 763 ad-

263 803 456 836 vocatum
475 793 690 843 habemus,
715 794 785 833 Suc.
839 791 933 833 Scio
953 791 1042 832 haec
1063 791 1201 832 omnia
1230 791 1539 848 Scripturarum
1570 790 1659 831 loca

265 862 406 904 deludi
426 877 451 902 a
471 860 721 918 quibusdam
743 859 900 916 duplici
920 869 1177 908 comment03
1211 859 1388 901 alterum
1409 870 1469 900 est
1488 874 1562 915 per
1577 859 1658 899 dis-

266 931 502 972 tinctionem
533 930 585 970 de
606 928 802 970 sacrificio
823 938 994 969 cruento
1014 937 1054 968 et
1076 928 1305 978 incruento,
1328 928 1447 984 quasi
1467 943 1565 968 vero
1587 943 1658 968 no-

268 1008 398 1040 strum
431 997 673 1039 sacrificium
708 997 970 1037 incruentum
1007 996 1204 1037 Ecclesiae
1234 996 1346 1037 aliud
1383 1005 1501 1047 esset,
1531 1011 1657 1051 quam

266 1067 493 1124 gratiarum
534 1065 654 1116 actio,
691 1079 817 1120 quam
852 1063 962 1105 illius
997 1064 1106 1105 unici
1141 1064 1301 1105 cruenti
1342 1063 1463 1104 semel
1505 1064 1660 1120 peracti

266 1133 613 1184 commemoratio,
637 1131 911 1183 annuntiatio,
934 1141 975 1173 et
1001 1131 1303 1173 sacramentalis
1323 1131 1656 1188 repraesentatio;

267 1202 442 1244 alterum
471 1210 749 1242 commentum
780 1209 854 1250 est,
877 1199 1106 1256 depravant
1135 1199 1463 1241 orthodoxorum
1492 1207 1658 1254 patrum

268 1270 378 1312 dicta
407 1270 459 1311 ad
492 1268 746 1310 intellectum
782 1268 977 1319 alienum,
1010 1284 1136 1325 quem
1168 1268 1245 1324 ipsi
1275 1277 1413 1324 patres
1443 1281 1659 1322 nunquam

269 1346 498 1379 senserunt.
550 1336 663 1387 Quid
682 1345 822 1377 autem
843 1345 981 1392 patres
1004 1336 1216 1388 senserint,
1240 1335 1454 1376 manifeste
1474 1344 1589 1391 patet
1609 1349 1659 1374 ex

270 1404 512 1461 Augustino
532 1404 573 1444 in
595 1403 768 1460 epistola
787 1403 840 1444 ad
863 1403 1138 1454 Bonifacium,
1161 1413 1199 1445 et
1222 1419 1310 1460 cap.
1333 1402 1490 1444 lxxxiii.
1513 1402 1583 1442 lib.
1606 1402 1658 1442 iv.

269 1482 412 1515 contra
434 1474 639 1514 Faustum
662 1472 961 1522 Manicliaeum,
983 1481 1024 1514 et
1044 1472 1086 1513 in
1107 1472 1195 1513 aliis
1215 1472 1312 1513 locis
1329 1470 1660 1528 quamplurimis,

269 1558 320 1583 ex
353 1541 552 1590 Eusebio,
575 1540 806 1591 Emisseno,
831 1541 1057 1597 Cypriano,
1081 1541 1394 1598 Chrysostomo‚
1423 1539 1662 1595 Fulgentio,

271 1612 503 1660 Bertramo,
536 1618 577 1650 et
610 1608 713 1660 aliis,
745 1624 925 1665 quorum
961 1610 1148 1651 omnium
1182 1609 1458 1667 proculdubio
1487 1609 1575 1649 haee
1605 1617 1664 1648 est

273 1678 477 1719 unanimis
508 1692 758 1733 concorsque
794 1677 835 1718 in
872 1678 1056 1719 Domino
1086 1679 1300 1729 sententia,
1332 1677 1522 1719 videlicet
1551 1676 1666 1733 quod

272 1747 476 1788 indefessa
494 1745 622 1787 currit
643 1761 719 1801 pro
740 1745 871 1786 salute
891 1746 1069 1788 hominis
1089 1747 1318 1804 redemptio
1338 1755 1553 1802 perpetua,
1571 1761 1667 1801 quae

273 1814 397 1856 semel
423 1815 532 1855 facta
559 1824 620 1855 est
648 1814 691 1854 in
713 1814 907 1862 veritate3
941 1815 1053 1872 quod
1086 1815 1220 1857 hostia
1250 1814 1373 1856 semel
1402 1814 1542 1854 oblata
1571 1828 1666 1854 con-

275 1883 380 1925 sumi
408 1898 490 1924 non
516 1890 676 1939 potest;
714 1882 829 1938 quod
859 1891 943 1924 tam
974 1893 1120 1940 potens
1149 1893 1210 1926 est
1239 1883 1309 1924 illa
1331 1882 1486 1924 Christi
1516 1881 1665 1938 passio,

276 1962 359 1993 tam
382 1966 521 1992 recens
539 1950 673 1991 virtus
692 1959 733 1990 et
754 1950 874 2007 vigor
893 1951 1002 1993 illius
1022 1952 1146 1994 semel
1166 1951 1285 1994 effusi
1306 1950 1462 1992 cruoris
1476 1949 1600 1991 hodie
1616 1949 1668 1990 ad

277 2019 529 2061 ablutionem
553 2028 829 2075 peccatorum,
850 2036 976 2076 quam
1006 2021 1087 2063 fuit
1116 2021 1187 2062 illo
1216 2020 1359 2062 eodem
1391 2019 1472 2070 die,
1494 2033 1588 2060 cum
1619 2033 1670 2059 ex

278 2087 495 2130 benedicto
517 2086 673 2128 Christi
696 2088 924 2129 Servatoris
945 2088 1071 2131 latere
1091 2089 1275 2137 effluxit;
1313 2087 1511 2145 quodque
1541 2086 1673 2128 omnis

280 2156 464 2198 sacrificii
494 2155 623 2196 nostri
654 2155 771 2205 ratio,
803 2171 900 2212 quae
930 2157 971 2198 in
1004 2160 1137 2199 Coena
1166 2157 1386 2198 Dominica
1415 2156 1457 2196 in
1489 2154 1674 2196 Ecclesia

281 2226 584 2281 frequentatur,
614 2224 798 2265 consistit
831 2225 873 2265 in
904 2226 1172 2277 orationibus,
1204 2225 1343 2276 laude,
1375 2233 1415 2265 et
1445 2223 1672 2279 gratiarum

282 2293 455 2343 actione,
476 2292 518 2333 in
539 2292 820 2334 recordatione
841 2304 882 2335 et
902 2294 1219 2336 annunciatione
1240 2294 1350 2334 illius
1377 2292 1501 2333 semel
1532 2292 1572 2332 in
1604 2306 1674 2331 ara

284 2362 415 2403 crucis
441 2361 568 2402 oblati
596 2361 795 2412 sacrificii,
818 2371 866 2403 ut
889 2362 1050 2418 jugiter
1078 2363 1281 2404 coleretur
1311 2377 1386 2418 per
1416 2360 1673 2417 mysterium,

284 2428 400 2483 quod
420 2428 544 2469 semel
563 2428 769 2469 duntaxat
788 2438 829 2470 et
848 2445 930 2470 non
952 2430 1130 2486 amplius
1150 2429 1399 2470 offerebatur
1422 2427 1462 2468 in
1479 2426 1674 2483 pretium.

289 2497 396 2536 Haec
426 2505 523 2537 sunt
541 2495 618 2536 viri
645 2496 910 2549 venerabiles,
938 2497 1103 2539 domine
1134 2497 1431 2553 Proloquutor,
1458 2505 1499 2536 et
1529 2494 1675 2549 reliqui

288 2563 444 2603 domini
466 2564 760 2617 Commissarii,
780 2581 875 2621 quae
894 2565 946 2606 ad
969 2578 1123 2607 vestras
1145 2575 1226 2607 tres
1246 2564 1474 2621 propositas
1495 2562 1679 2619 proposi-

291 2631 421 2672 tiones
441 2632 687 2686 respondere
707 2648 817 2674 nunc
844 2634 961 2690 potui
993 2634 1033 2675 in
1065 2635 1141 2675 hac
1171 2633 1431 2675 consiliorum
1462 2630 1615 2687 inopia,
1638 2640 1679 2671 et

292 2698 483 2756 pracsidio
502 2698 701 2740 librorum
723 2701 961 2752 destitutus,
983 2703 1252 2758 quamobrem
1273 2715 1452 2757 provoco
1472 2699 1523 2740 ad
1547 2713 1678 2740 meam

294 2767 466 2823 primam
489 2768 838 2823 protestationem,
861 2770 980 2825 cujus
1007 2769 1223 2819 auxilium,
1246 2777 1449 2825 quantum
1481 2767 1587 2817 licet,
1609 2782 1680 2823 po-
