1799 3077
78 2661 114 2689 In
132 2661 249 2698 Apolo-

78 2704 189 2741 getico.
202 2711 255 2741 45.

289 147 372 186 142
682 146 912 188 JUELLI
945 145 1282 187 APOLOGIA.

288 274 371 301 non
405 259 509 301 fuit!
544 260 582 302 O
615 260 870 301 sanctitatem
903 268 945 301 et
977 259 1102 301 fidem
1139 260 1421 301 Catholicam!
1461 260 1556 300 Non
1598 260 1676 301 ista

290 332 440 372 Petrus
462 332 610 372 Romae
639 330 805 378 docuit;
840 329 999 371 Paulus
1028 345 1110 370 non
1141 329 1198 371 ita
1223 331 1372 371 Romae
1401 329 1517 370 vixit.
1578 330 1675 370 Non

287 399 346 440 illi
380 399 626 440 lenocinium
662 398 829 455 publice
866 407 1168 446 exercuerunt;
1209 414 1293 439 non
1327 398 1385 438 illi
1421 397 1595 454 vectigal
1635 406 1676 439 et

287 483 454 509 censum
476 483 500 508 a
520 467 802 508 meretricibus
822 475 1073 523 exegerunt3
1106 482 1188 507 non
1208 466 1267 507 illi
1287 466 1496 507 adulteros
1520 475 1560 507 et
1584 481 1678 522 par-

288 536 435 577 ricidas
455 536 591 592 palam
613 545 653 577 et
672 535 842 591 impune
863 535 1114 582 tolerarunt;
1147 549 1230 575 non
1257 550 1324 575 eos
1350 535 1393 574 in
1422 534 1570 584 sinum,
1593 549 1676 575 non

288 604 331 645 in
361 605 592 655 concilium,
624 619 706 645 non
736 604 778 644 in
807 603 1019 653 familiam,
1050 618 1133 643 non
1167 602 1208 642 in
1242 602 1567 643 Christianorum
1603 603 1676 643 ho-

289 673 448 714 minum
482 682 638 714 coetum
671 681 929 728 receperunt.
990 673 1087 712 Non
1122 671 1330 712 debebant
1362 670 1428 711 isti
1464 680 1677 726 tantopere

288 757 538 798 exaggerare
565 740 690 782 vitam
717 749 910 781 nostram.
963 739 1202 780 Consultius
1222 739 1355 780 multo
1375 739 1470 790 fuit,
1494 748 1541 780 ut
1561 739 1676 796 prius

288 810 351 851 vel
373 810 651 866 approbarent.
670 808 920 860 hominibus,
939 807 1004 849 vel
1023 817 1132 849 certe
1155 807 1356 849 occultius
1381 807 1593 863 aliquanto
1620 817 1678 848 te-

286 886 431 934 gerent
451 878 577 919 vitam
599 893 727 918 suam.

348 948 457 987 Nam
479 961 552 986 nos
573 946 740 1002 quidem
763 945 920 986 utimur
940 945 1082 1001 priscis
1099 952 1139 985 et
1155 945 1273 985 avitis
1293 944 1468 1000 legibus,
1487 952 1527 984 et
1547 958 1677 998 quan-

291 1023 381 1055 tum
411 1014 476 1056 his
504 1014 688 1056 moribus
718 1024 759 1055 et
790 1013 1059 1070 temporibus,
1080 1013 1122 1053 in
1144 1021 1259 1054 tanta
1278 1011 1513 1067 corruptela
1538 1026 1675 1052 rerum

289 1083 475 1124 omnium
505 1091 641 1139 potest
674 1083 776 1133 fieri,
809 1081 1066 1138 disciplinam
1097 1080 1425 1122 Ecclesiasticam
1459 1079 1677 1135 diligenter

290 1161 332 1193 et
361 1152 464 1193 serio
494 1151 850 1193 administramus:
885 1150 1124 1192 Prostibula
1150 1149 1319 1205 quidem
1348 1148 1608 1189 meretricum
1636 1157 1677 1189 et

290 1220 627 1270 concubinarum,
655 1229 728 1260 aut
757 1228 1026 1260 scortatorum
1057 1234 1203 1275 greges
1233 1233 1315 1258 non
1345 1217 1569 1263 habemus3
1603 1233 1677 1258 nec

290 1289 493 1330 adulteria
524 1288 793 1329 matrimoniis
827 1287 1128 1344 anteponimus,
1160 1302 1234 1327 nec
1274 1286 1520 1327 lenocinium
1562 1300 1677 1326 exer-

290 1373 454 1405 cemus,
487 1373 561 1398 nec
581 1357 633 1398 de
653 1356 878 1397 fornicibus
900 1356 1103 1413 stipendia
1123 1354 1379 1410 colligimns3
1413 1369 1486 1395 nec
1507 1354 1674 1404 incesta,

289 1435 330 1467 et
360 1426 582 1482 flagitiosas
610 1425 814 1476 libidines,
846 1440 921 1465 nec
952 1424 1145 1474 Aloisios,
1177 1438 1251 1464 nec
1288 1424 1427 1471 Casas,
1464 1438 1537 1463 nec
1577 1422 1677 1463 Dia-

291 1494 374 1535 zios
404 1493 627 1550 parricidas
656 1493 826 1549 impune
855 1493 1039 1534 ferimus.
1100 1494 1209 1533 Nam
1238 1491 1268 1532 si
1295 1491 1373 1532 ista
1399 1491 1516 1531 nobis
1538 1491 1677 1547 placu-

289 1562 427 1612 issent,
450 1561 550 1602 nihil
571 1577 677 1618 opus
697 1569 798 1611 erat,
816 1569 863 1601 ut
883 1561 936 1601 ab
956 1560 1127 1601 istorum
1150 1560 1339 1600 societate
1359 1558 1431 1599 ubi
1453 1574 1499 1599 ea
1519 1558 1675 1613 vigent,

289 1639 331 1671 et
349 1631 556 1671 habentur
574 1628 616 1669 in
636 1628 783 1685 pretio,
805 1628 1118 1678 discederemus,
1140 1636 1181 1668 et
1208 1643 1256 1668 ea
1281 1643 1403 1668 causa
1422 1627 1464 1667 in
1485 1627 1580 1668 odia
1604 1627 1677 1667 ho-

290 1698 464 1747 minum,
496 1706 537 1738 et
570 1696 613 1736 in
652 1696 877 1737 certissima
915 1696 1098 1752 pericula
1135 1696 1449 1736 incurreremus.
1513 1695 1678 1736 Habuit

292 1765 450 1806 Paulus
479 1773 653 1820 quartus
679 1773 774 1805 ante
801 1779 884 1804 non
913 1764 972 1804 ita
999 1764 1152 1804 multos
1181 1778 1339 1804 menses
1361 1765 1509 1804 Romae
1530 1762 1571 1802 in
1591 1777 1678 1803 car-

291 1848 381 1874 cere
404 1833 563 1889 aliquot
586 1833 733 1873 fratres
754 1832 1099 1888 Augustinianos,
1120 1841 1161 1872 et
1181 1831 1412 1887 complures
1432 1831 1676 1887 Episcopos,

291 1910 333 1942 et
359 1915 557 1957 magnum
583 1914 804 1941 numerum
832 1899 1006 1940 aliorum
1033 1899 1196 1955 piorum
1226 1898 1441 1939 hominum
1472 1898 1678 1954 religionis

291 1985 424 2010 causa.
488 1968 653 2009 Habuit
693 1975 924 2016 tormenta;
967 1967 1150 2008 exercuit
1189 1967 1231 2007 in
1270 1967 1360 2008 illos
1400 1966 1647 2023 quaestiones
1663 1983 1676 2018 3

292 2037 394 2078 nihil
419 2037 586 2093 reliquit
612 2037 872 2078 intentatum.
934 2036 1008 2077 Ad
1032 2044 1263 2077 extremum
1291 2051 1342 2076 ex
1368 2035 1447 2076 illis
1471 2035 1677 2085 omnibus,

292 2114 395 2161 quot
415 2105 553 2162 potuit
576 2105 771 2155 moechos,
794 2114 898 2161 quot
925 2112 1179 2154 scortatores,
1201 2113 1303 2160 quot
1330 2104 1552 2153 adulteros,
1575 2111 1679 2159 quot

292 2173 466 2215 incestos
492 2173 704 2214 invenire?
740 2174 802 2214 Sit
822 2175 916 2214 Deo
945 2181 1085 2214 nostro
1114 2173 1273 2229 gratia;
1306 2173 1380 2214 etsi
1410 2172 1469 2213 illi
1500 2187 1582 2213 non
1613 2186 1680 2213 su-

292 2257 399 2291 mUS,
422 2257 527 2298 quos
553 2257 638 2283 esse
664 2242 895 2298 oportebat,
917 2256 1104 2297 quosque
1133 2242 1389 2297 profitemur,
1411 2250 1562 2291 tamen,
1588 2240 1680 2296 qui-

292 2325 458 2365 cunque
486 2324 642 2361 sumus,
665 2309 696 2350 si
723 2325 819 2350 cum
845 2309 932 2350 istis
958 2309 1231 2359 conferamur,
1254 2309 1318 2349 vel
1345 2309 1430 2350 vita
1455 2317 1594 2350 nostra
1619 2316 1681 2349 at-

292 2394 374 2433 que
403 2377 648 2428 innocentia,
676 2377 794 2419 facile
824 2377 897 2418 has
927 2377 1151 2418 calumnias
1180 2375 1390 2417 refutabit.
1452 2377 1540 2417 Nos
1570 2376 1678 2417 enim

292 2461 374 2487 non
396 2454 558 2487 tantum
578 2445 691 2487 libris
709 2454 750 2487 et
770 2446 1047 2496 concionibus,
1070 2446 1141 2486 sed
1167 2445 1288 2486 etiam
1316 2444 1514 2501 exemplis
1534 2453 1574 2486 et
1594 2460 1679 2486 mo-

292 2512 407 2553 ribus
435 2513 639 2569 populum
669 2513 721 2554 ad
752 2528 872 2555 omne
901 2529 1033 2569 genus
1062 2512 1240 2564 virtutis,
1267 2520 1308 2553 et
1336 2520 1444 2553 recte
1474 2512 1678 2552 factorum

295 2580 569 2622 cohortamur.
630 2582 906 2637 Evangelium
927 2582 1121 2623 docemus
1142 2597 1225 2622 non
1253 2597 1337 2622 esse
1365 2580 1678 2622 ostentationem

296 2648 488 2698 scientiae,
511 2649 582 2689 sed
608 2650 741 2706 legem
769 2651 890 2697 vitae;
924 2658 1056 2706 utque
1079 2649 1364 2691 Tertullianus
1387 2648 1457 2698 ait,
1482 2648 1680 2689 Christia-

295 2731 395 2756 num
418 2715 623 2757 hominem
651 2733 733 2759 non
759 2718 873 2774 loqui
901 2718 1115 2774 magnifice
1142 2726 1343 2774 oportere,
1365 2715 1435 2756 sed
1463 2715 1680 2771 magnifice

295 2783 455 2829 vivere;
494 2798 567 2824 nec
607 2785 830 2833 auditores,
865 2785 935 2825 sed
971 2786 1145 2825 factores
1184 2784 1284 2838 legis
1314 2783 1528 2838 justificari
1565 2783 1677 2839 apud
