1799 3077
475 138 711 180 NOELLI
746 136 1210 180 CATECHISMUS.
1467 142 1549 184 263

163 251 375 308 dignitatis
403 252 554 308 gradu,
576 252 627 294 ad
658 252 841 293 infimam
862 251 966 292 servi
986 250 1276 301 conditionem,
1298 252 1352 293 ad
1377 254 1551 310 ignomi-

161 321 268 361 niam
291 320 564 361 damnationis
593 329 719 376 atque
748 320 959 376 probrosae
991 319 1134 360 mortis
1164 318 1444 372 descenderat,
1467 338 1550 363 am-

161 388 383 445 plissimam
400 403 563 429 rursum
585 388 758 444 gloriam
775 398 900 443 atque
921 387 1179 443 splendorem
1201 387 1426 435 obtineret3
1450 405 1549 430 eun-

160 457 253 497 dem
276 456 484 506 nimirum,
506 449 632 512 quern
651 465 746 497 ante
774 456 989 505 habuerat,
1012 464 1060 496 ut
1087 455 1238 496 scilicet
1266 455 1489 498 humilitati
1509 470 1550 498 et

159 525 408 581 ignominiae,
431 525 563 581 gloria
590 525 679 582 ejus
709 534 834 581 atque
864 525 1055 580 majestas
1084 524 1348 580 proportione
1369 526 1549 581 quadam

159 593 438 649 responderet.
500 593 623 643 Quod
645 602 685 634 et
707 594 762 634 D.
782 593 940 634 Paulus
961 592 1013 633 ad
1034 601 1047 620 s
1063 592 1350 649 Philippenses
1371 594 1551 635 scribens

159 659 377 701 clarissime
393 660 535 702 docet:
567 662 723 701 Factus
742 670 817 710 est,
834 659 984 715 inquit,
1003 659 1197 700 obediens
1218 675 1350 716 usque
1370 661 1422 701 ad
1443 675 1551 702 mor-

160 737 258 778 tem,
274 738 449 770 mortem
469 737 608 769 autem
629 728 786 775 crucis;
819 736 989 784 propter
1009 727 1121 782 quod
1143 736 1184 768 et
1204 728 1321 768 Deus
1336 728 1451 769 illum
1470 730 1553 770 Ec-

158 794 290 836 clesiae
310 806 436 852 caput
456 796 741 846 constitutum,
764 811 889 851 supra
909 811 1050 836 omnes
1070 795 1326 852 principatus
1347 806 1550 848 evectum,

159 862 249 903 coeli
271 872 312 904 et
332 872 451 904 terrae
469 863 655 920 irnperio,
674 872 721 904 ut
742 863 880 904 omnia
899 864 1118 919 gubernet,
1136 863 1351 914 donatum,
1367 865 1419 905 ad
1442 880 1551 906 sum-

158 946 267 972 mam
288 931 438 973 extulit
458 931 767 982 sublimitatem,
790 940 830 973 et
851 931 967 972 dedit
996 931 1054 971 illi
1075 946 1239 982 nomen,
1262 933 1377 988 quod
1402 943 1463 974 est
1483 949 1549 974 su-

157 1015 234 1056 pra
253 1015 374 1040 omne
392 1015 555 1050 nornen,
578 1009 625 1041 ut
654 1000 696 1040 in
721 1000 885 1041 nomine
905 1001 934 1040 J
939 1014 1019 1040 Est]
1040 1014 1162 1040 omne
1190 1015 1302 1056 genu
1333 1016 1374 1041 se
1394 1001 1546 1052 flectat,

158 1068 399 1118 coelestium,
422 1068 691 1119 terrestrium,
709 1077 750 1109 et
769 1068 1040 1109 infernorum.

217 1138 281 1176 M.
313 1138 386 1177 An
406 1152 538 1192 quum
569 1137 651 1177 Dei
672 1136 900 1187 dexteram,
923 1145 964 1177 et
994 1136 1211 1177 sessionem
1242 1136 1441 1187 nominas,
1463 1153 1548 1178 esse

158 1205 298 1245 Deum
342 1205 525 1246 humana
569 1205 716 1262 specie,
753 1214 826 1246 aut
861 1206 1011 1261 figura,
1048 1205 1186 1246 animo
1226 1214 1267 1246 et
1302 1204 1548 1261 cogitatione

160 1273 305 1328 fingis?

215 1342 271 1381 A.
304 1342 597 1397 Nequaquam,
622 1343 884 1397 Praeceptor3
919 1341 989 1382 sed
1006 1341 1106 1397 quia
1124 1340 1242 1382 nobis
1263 1356 1396 1382 sermo
1416 1350 1476 1381 est
1496 1340 1548 1381 de

158 1410 252 1450 Deo
282 1410 396 1466 apud
426 1409 625 1460 homines,
648 1410 832 1450 humano
859 1425 987 1457 inore,
1010 1408 1221 1464 quomodo
1254 1408 1438 1449 delatum
1471 1408 1547 1448 sibi

157 1493 182 1518 a
202 1479 325 1519 Patre
355 1493 531 1534 regnum
560 1477 752 1519 Christus
781 1477 996 1533 acceperit,
1029 1485 1243 1532 utcunque
1264 1475 1545 1532 exprimimus.

160 1545 301 1587 Solent
321 1545 429 1587 enim
451 1547 604 1601 Reges,
626 1560 731 1600 quos
755 1545 987 1601 tpraecipuo
1006 1544 1161 1585 honore
1182 1544 1422 1600 dignantur,
1445 1559 1548 1585 suae-

158 1630 240 1670 que
260 1613 547 1655 dominationis
568 1613 739 1654 vicarios
759 1613 1030 1664 constituunt,
1055 1612 1129 1653 sibi
1156 1613 1210 1653 ad
1234 1613 1446 1653 dexteram
1468 1613 1548 1653 col-

158 1682 305 1723 locare.
356 1681 454 1722 Istis
474 1697 573 1738 ergo
593 1681 728 1722 verbis
748 1681 1015 1737 significatur,
1039 1682 1179 1722 Deum
1201 1682 1369 1722 Patrem
1392 1680 1547 1721 Filium

159 1766 279 1792 suum
318 1749 530 1791 Christum
564 1758 723 1806 ucaput
765 1749 961 1790 Ecclesiae
992 1748 1274 1797 constituisse3
1319 1764 1393 1805 per
1422 1765 1546 1805 quem

159 1833 253 1858 suos
274 1814 394 1869 tueri,
412 1827 452 1859 et
472 1833 610 1858 rerum
634 1817 940 1858 universitatem
961 1817 1193 1874 gubernare
1214 1817 1326 1858 velit.

216 1887 279 1926 M.
314 1887 468 1933 Recte:,
496 1887 584 1942 jam
615 1901 690 1926 nos
719 1901 770 1927 ex
801 1886 890 1941 ejus
915 1901 1083 1926 ascensu
1104 1886 1146 1925 in
1167 1885 1333 1936 coelum,
1355 1884 1547 1926 sessione-

157 1969 238 2009 que
257 1953 309 1994 ad
331 1953 542 1994 dexteram
566 1953 715 2003 Patris,
737 1953 840 2009 quid
861 1952 1046 2008 capimus
1066 1953 1302 1994 commodi?

215 2023 270 2062 A.
303 2021 508 2071 Primum,
532 2021 723 2062 Christus
744 2030 791 2061 ut
811 2021 853 2061 in
875 2031 1040 2070 terram,
1062 2020 1181 2077 quasi
1202 2020 1385 2071 exilium,
1407 2028 1546 2061 nostra

156 2104 279 2130 causa
317 2089 597 2140 descenderat,
632 2089 690 2130 ita
728 2098 769 2130 et
809 2088 974 2139 coelum,
1013 2098 1225 2145 paternam
1262 2088 1545 2129 haereditatem

156 2157 312 2208 adiens,
334 2167 473 2198 nostro
503 2157 668 2198 nomine
698 2157 906 2213 ingressus
936 2166 1020 2204 est;
1054 2157 1197 2197 xviam
1229 2166 1355 2212 atque
1384 2156 1545 2197 aditum

156 2225 253 2266 illuc
276 2224 393 2265 nobis
414 2225 675 2281 patefaciens,
693 2226 950 2281 januamque
970 2224 1077 2275 coeli,
1099 2225 1216 2266 nobis
1237 2234 1357 2266 antea
1376 2233 1544 2281 propter

156 2303 370 2350 peccatum
410 2292 604 2343 clausam,
640 2293 837 2349 aperiens.
901 2294 1010 2334 Nam
1049 2308 1144 2333 cum
1185 2292 1376 2334 Christus
1419 2300 1545 2348 caput

156 2372 357 2411 nostrum,
380 2361 604 2402 humanam
636 2373 816 2402 nostram
838 2376 1000 2402 carnem
1032 2375 1166 2401 secum
1189 2360 1231 2400 in
1253 2360 1401 2401 coelum
1424 2375 1544 2400 vexe-

157 2430 224 2479 rit,
247 2445 320 2470 nos
340 2429 522 2485 corporis
543 2428 605 2469 sui
626 2430 824 2480 membra,
847 2439 930 2470 tam
952 2438 971 2467 Y
986 2438 1131 2484 potens
1151 2438 1276 2483 atque
1296 2428 1544 2469 benevolum

158 2506 283 2553 caput
312 2497 353 2537 in
385 2504 494 2537 terra
522 2506 724 2552 perpetuo
753 2512 835 2537 non
866 2496 1083 2552 relinquet.
1143 2497 1350 2537 Praeterea
1377 2497 1420 2537 in
1449 2511 1544 2537 con-

201 2639 212 2652 ⁵
235 2632 316 2663 Phil.
339 2631 373 2662 ii.
397 2631 429 2668 8,
454 2640 487 2670 9,
509 2640 557 2660 10.
598 2630 712 2669 Ephes.
736 2631 758 2660 i.
785 2639 837 2667 20,
856 2639 908 2665 21,
929 2639 981 2666 22,
1000 2639 1050 2668 23.
1089 2630 1196 2661 Colos.
1216 2631 1237 2662 i.
1259 2631 1306 2662 18.
1344 2631 1427 2662 Heb.
1452 2631 1485 2661 ii.
1509 2640 1541 2671 9.

159 2690 166 2707 ²
191 2696 209 2724 3
228 2687 307 2726 ch.
323 2686 356 2716 ii.
378 2694 426 2726 19.
450 2684 534 2714 Psal.
551 2693 602 2714 cx.
624 2693 649 2713 1.
675 2685 757 2714 Mat.
775 2694 830 2714 xx.
845 2693 896 2714 21.
984 2690 997 2703 ¹¹
1022 2684 1103 2723 Eph.
1119 2684 1141 2714 i.
1162 2694 1211 2715 22.
1237 2685 1280 2715 iv.
1301 2693 1352 2725 15,
1374 2685 1421 2716 16.
1445 2696 1475 2716 v.
1492 2694 1543 2724 23.

161 2739 231 2769 Col.
248 2739 269 2769 i.
291 2739 339 2769 18.
498 2742 513 2756 Χ
535 2736 631 2768 Joan.
648 2737 714 2767 xiv.
733 2747 761 2768 2.
786 2747 803 2767 2
817 2738 891 2768 Cor.
907 2748 937 2768 v.
956 2746 982 2767 1.
1006 2738 1123 2777 Ephes.
1140 2738 1173 2768 ii.
1194 2738 1242 2769 18.
1268 2740 1350 2770 Heb.
1368 2750 1399 2770 x.
1419 2749 1469 2779 19,
1490 2748 1541 2774 20,

164 2801 214 2822 22.
343 2799 357 2818 x
383 2791 498 2830 Ephes.
515 2789 536 2820 i.
552 2799 603 2828 22,
623 2800 671 2830 23.
695 2791 736 2821 iv.
758 2800 807 2831 15,
825 2790 872 2820 16.
896 2802 925 2821 v.
944 2801 993 2831 23.
1016 2792 1122 2822 Colos.
1138 2792 1159 2823 i.
1180 2793 1228 2823 18.

813 2835 878 2873 54⁴
