1799 3077
506 114 735 154 JUELLI
771 113 1106 154 APOLOGIA.
1425 119 1505 157 145

114 235 212 267 runt
239 236 383 274 antea,
417 225 481 266 vel
509 226 663 281 potius,
685 226 785 281 quia
812 235 980 282 propter
1002 226 1276 281 Evangelium
1301 228 1502 282 populum

112 294 267 335 habent
301 293 672 350 obsequentiorem,
698 293 830 335 multo
863 294 1039 335 meliore.
1101 295 1215 334 Eant
1245 309 1340 334 sane
1366 294 1407 334 in
1436 295 1504 336 illa

111 361 213 411 loca,
236 362 307 403 ubi
328 377 438 402 nunc
459 360 540 402 Dei
566 361 763 402 beneficio
789 361 960 402 auditur
979 360 1272 417 Evangelium‚
1296 360 1382 401 Ubi
1409 362 1502 417 plus

111 429 366 486 majestatis?
399 429 488 470 Ubi
514 429 650 469 minus
677 429 808 470 fastus
835 439 876 470 et
904 429 1162 485 tyrannidis?
1196 427 1283 469 Ubi
1305 428 1502 484 Princeps

111 498 241 554 magis
270 498 448 539 colitur?
481 497 569 539 Ubi
599 497 780 553 populus
806 497 942 538 minus
971 497 1283 538 tumultuatur?
1315 496 1402 537 Ubi
1425 512 1500 537 un-

110 581 235 622 quam
256 566 337 607 fuit
357 566 524 622 publica
543 581 621 616 res,
644 565 716 606 ubi
737 565 922 606 Ecclesia
943 564 1231 621 tranquillior?

166 636 224 676 At
258 634 436 685 Rustici,
464 633 639 689 inquies,
667 649 692 674 a
724 633 927 689 principio
956 633 1083 689 hujus
1116 632 1313 674 doctrinae
1348 632 1497 688 passim

109 711 324 758 coeperunt
344 702 496 752 furere,
514 710 555 742 et
576 700 821 742 tumultuari
837 716 911 756 per
929 700 1207 742 Germaniam.
1262 701 1382 747 Esto.
1435 702 1498 742 At

108 770 150 810 in
185 770 274 811 illos
307 769 593 826 promulgator
630 768 756 824 hujus
794 768 992 810 doctrinae
1034 768 1246 809 Martinus
1282 768 1497 809 Lutlrerus

108 837 460 879 vehementissime
495 845 621 891 atque
656 835 851 877 acerrime
886 835 1019 877 multa
1054 836 1227 892 scripsit,
1257 851 1409 891 eosque
1443 836 1496 876 ad

107 921 250 962 pacem
267 914 308 947 et
328 905 381 946 ad
401 904 676 946 obedientiam
697 903 913 944 revocavit.

165 975 288 1025 Quod
318 983 457 1015 autem
493 973 615 1030 objici
651 973 752 1015 solet
782 973 990 1015 interdum
1020 974 1072 1014 ab
1103 973 1339 1014 hominibus
1370 973 1496 1029 impe-

106 1043 194 1084 ri-tis
233 1058 385 1093 rerum,
417 1042 469 1083 de
509 1050 670 1083 mutato
710 1050 820 1082 statu
863 1040 1167 1091 Helvetiorum,
1205 1050 1245 1081 et
1282 1040 1496 1081 interfecto

107 1112 226 1152 Duce
248 1110 426 1152 Austriae
454 1109 685 1166 Leopoldo,
707 1117 746 1150 et
777 1109 910 1165 patria
940 1108 982 1149 in
1012 1108 1242 1149 libertatem
1274 1108 1492 1158 vindicata,

105 1178 262 1219 factum
292 1187 354 1219 est
382 1178 439 1228 id,
471 1177 533 1218 uti
563 1192 614 1218 ex
645 1176 836 1217 omnibus
868 1176 1046 1217 historiis
1076 1176 1171 1217 satis
1201 1185 1373 1225 constat,
1400 1186 1494 1217 ante

105 1261 232 1287 annos
247 1246 446 1287 ducentos
461 1244 688 1301 sexaginta,
705 1244 783 1285 sub
801 1243 1014 1285 Bonifacio
1028 1252 1186 1294 octavo,
1203 1259 1298 1284 cum
1319 1243 1495 1284 maxime

103 1315 261 1371 vigeret
287 1323 468 1371 potestas
499 1313 765 1363 Pontificum,
794 1312 993 1353 ducentos
1022 1312 1181 1353 circiter
1211 1327 1354 1363 annos,
1383 1321 1494 1353 ante-

104 1399 230 1439 quam
259 1382 516 1424 Huldericus
543 1381 778 1438 Zuinglius‚
803 1390 876 1422 aut
907 1381 1051 1422 docere
1081 1380 1277 1436 inciperet
1303 1381 1494 1436 Evange-

104 1451 221 1502 lium,
243 1460 317 1493 aut
336 1451 503 1492 omnino
524 1459 646 1492 natus
666 1459 781 1490 esset.
842 1449 909 1489 Ex
929 1465 977 1489 eo
998 1464 1094 1489 vero
1121 1458 1304 1504 tempore
1332 1462 1491 1503 semper

102 1518 161 1560 illi
191 1519 329 1560 omnia
357 1526 516 1575 pacata,
538 1528 579 1559 et
609 1517 831 1573 tranquilla
860 1516 1109 1566 habuerunt,
1132 1531 1213 1556 non
1245 1523 1406 1555 tantum
1435 1513 1488 1554 ab

102 1576 220 1628 lioste
240 1596 424 1637 externo,
447 1586 518 1628 sed
538 1586 661 1628 etiam
681 1601 706 1626 a
726 1585 911 1626 tumultu
932 1584 1135 1625 intestino.

160 1654 285 1705 Quod
315 1654 348 1694 si
377 1662 590 1710 peccatum
621 1653 701 1694 fuit
730 1652 905 1709 patriam
936 1667 1051 1692 suam
1082 1652 1134 1692 ab
1164 1660 1334 1692 externa
1362 1648 1488 1690 domi-

101 1721 279 1774 natione,
311 1721 538 1777 praesertim
573 1735 668 1762 cum
702 1720 922 1761 insolenter
961 1729 1002 1760 et
1041 1718 1251 1775 tyrannice
1285 1717 1489 1774 opprime-

101 1798 259 1841 rentur,
281 1789 468 1839 liberare,
491 1799 626 1830 tamen
648 1788 713 1829 vel
732 1803 805 1829 nos
829 1787 983 1838 alienis,
1006 1787 1068 1828 vel
1097 1787 1187 1828 illos
1213 1786 1331 1827 avitis
1357 1785 1488 1826 crimi-

99 1858 221 1900 nibus
241 1872 425 1908 onerare,
446 1866 487 1898 et
506 1857 711 1912 iniquum,
732 1865 773 1897 et
793 1855 1020 1897 absurdum
1042 1864 1115 1896 est.

161 1925 243 1967 Sed
272 1941 298 1966 o
328 1926 468 1966 Deum
499 1924 798 1966 immortalem!
832 1939 885 1964 an
917 1924 1131 1964 Romanus
1162 1922 1394 1977 Episcopus
1424 1935 1487 1961 ac—

99 1993 258 2034 cusabit
278 2008 352 2034 nos
371 1992 694 2049 perduellionis?
726 1993 799 2032 An
826 1990 893 2031 ille
921 1989 1085 2031 docebit
1108 1988 1311 2045 populum
1331 1988 1486 2028 obtem-

98 2076 254 2117 perare,
276 2070 401 2117 atque
421 2060 593 2116 obsequi
614 2058 951 2115 magistratibus?
984 2059 1077 2098 Aut
1096 2056 1263 2098 omnino
1286 2055 1485 2096 rationem

98 2129 321 2185 majestatis
350 2129 477 2170 habet
507 2128 663 2169 ullam?
696 2129 785 2168 Cur
815 2142 914 2183 ergo
944 2141 1053 2167 nunc
1083 2125 1165 2175 ille,
1197 2124 1310 2180 quod
1346 2122 1484 2163 nullus

97 2205 284 2238 veterum
323 2198 628 2254 Episcoporum
670 2198 955 2237 Romanorum
996 2209 1181 2250 unquam
1220 2192 1329 2243 fecit,
1364 2191 1483 2247 quasi

95 2282 237 2308 omnes
259 2268 397 2323 Reges
418 2274 459 2307 et
480 2265 707 2321 Principes,
725 2264 963 2320 quicunque
983 2273 1108 2319 atque
1129 2261 1365 2315 ubicunque
1386 2259 1479 2309 sint,

96 2335 196 2377 velit
222 2351 307 2377 esse
335 2350 471 2376 servos
500 2350 607 2384 suos,
630 2333 787 2390 patitur
813 2348 853 2373 se
874 2348 898 2373 a
920 2332 1003 2373 suis
1030 2329 1230 2387 parasitiS,
1251 2328 1479 2368 Dominum

96 2403 397 2444 dominantium
427 2402 656 2459 appellari?
689 2402 775 2442 Cur
800 2401 868 2441 ille
895 2416 935 2441 se
956 2401 1084 2455 jactat
1108 2413 1193 2438 esse
1215 2398 1375 2451 Regem
1397 2398 1479 2437 Re-
1491 2411 1610 2440 Anton.
1629 2414 1664 2441 de

94 2486 211 2527 gum,
231 2480 271 2511 et
290 2471 441 2511 habere
456 2471 527 2525 jus
549 2471 717 2525 Regum
738 2470 779 2509 in
802 2468 1017 2509 subditos?

154 2541 243 2580 Cur
263 2553 403 2579 omnes
425 2539 701 2593 Imperatores
719 2546 760 2577 et
782 2535 1046 2584 Monarchas‚
1057 2533 1332 2589 jurejurando
1351 2532 1481 2588 adigit

1493 2455 1633 2484 Roscllis.

94 2609 136 2648 in
153 2607 278 2648 verba
294 2609 396 2647 sua?
430 2607 517 2647 Cur
536 2605 789 2660 majestatem
811 2602 1113 2659 imperatoriam
1134 2600 1367 2657 septuagies
1391 2615 1479 2656 sep-
1492 2621 1537 2648 De
1555 2620 1659 2655 major.

94 2675 169 2715 ties
205 2690 246 2716 se
281 2675 514 2716 inferiorem
544 2688 629 2714 esse
657 2672 872 2728 gloriatur,
904 2671 1030 2726 idque
1059 2685 1107 2710 ea
1135 2669 1312 2710 maxime
1342 2683 1476 2716 causa,

95 2742 209 2797 quod
230 2743 347 2784 Deus
368 2743 453 2784 duo
473 2741 629 2782 lumina
648 2740 688 2780 in
710 2738 814 2779 coelo
838 2736 1003 2784 fecerit3
1037 2735 1233 2792 quodque
1261 2734 1409 2775 eoelum
1437 2742 1477 2773 et

154 2825 250 2851 VOL.
276 2826 302 2850 Ι.
779 2821 802 2846 L

1491 2666 1521 2690 et
1537 2663 1624 2691 obed.

1490 2707 1570 2736 solit.
