1799 3077
513 138 806 179 ANNALES
839 139 1122 180 PAULINI.
1432 141 1516 186 369

118 263 380 293 ostensurum
412 252 528 308 signa
558 251 769 293 libertatis.
832 253 924 293 Hos
946 252 1065 293 Felix
1089 254 1215 308 (quos
1235 261 1433 309 tanquam
1455 270 1513 296 se-
1536 267 1618 294 AErae
1636 267 1720 304 vulg.

118 320 231 360 mina
250 320 490 361 defectionis
510 336 596 361 esse
616 319 811 376 putabat)
834 320 957 361 armis
977 320 1190 377 oppressit.

176 388 336 429 Paulus
357 387 538 429 substitit
560 388 601 428 in
623 387 738 428 Asia.

177 456 304 497 Unde
323 455 522 512 praemisit
543 455 815 496 Timotheum
837 471 932 497 cum
954 456 1104 497 Erasto
1124 456 1166 497 in
1189 456 1493 498 Macedoniam.

175 523 352 579 Apollos
381 538 476 564 cum
507 523 596 564 aliis
626 523 824 564 fratribus
857 523 1060 565 Corintho
1091 524 1201 566 venit
1232 525 1285 565 ad
1318 524 1513 574 Paulum,

116 608 192 649 per
212 607 318 648 quos
339 591 544 633 Corinthii
565 591 766 638 miserunt
788 591 1034 648 Epistolam.

178 660 328 701 Scribit
355 660 530 716 primam
559 659 612 701 ad
642 660 880 701 Corinthios
908 661 1156 717 Epistolam,
1178 676 1272 702 cum
1298 661 1512 711 Sosthene,

117 728 369 785 respondens
390 728 591 785 Epistolae
615 728 941 769 Corinthiorum.

178 796 327 837 Scribit
348 796 581 852 Epistolam
601 796 653 837 ad
678 796 860 837 Galatas,

175 867 258 921 Per
278 864 539 906 Demetrium
563 865 734 921 Epheso
754 864 937 920 pellitur.

173 932 322 974 Asiam
343 932 591 988 relinquam,
614 941 834 989 postquam
866 948 939 988 per
968 932 1189 974 triennium
1219 934 1348 976 ferme
1378 945 1512 976 totum

117 1000 173 1041 ibi
194 1000 429 1042 laborasset.

177 1069 299 1111 Venit
321 1069 544 1110 Troadem.
598 1067 705 1110 Inde
727 1069 873 1110 transit
892 1070 933 1109 in
957 1069 1261 1110 Macedoniam.

177 1136 283 1178 Inde
304 1136 443 1177 scribit
464 1136 686 1177 secundam
707 1136 759 1177 ad
783 1136 1019 1178 Corinthios
1040 1137 1286 1193 Epistolam.

175 1206 245 1246 Ex
269 1204 518 1245 Macedonia
538 1204 838 1260 ploficiscitur
830 1220 871 1245 ln
894 1205 1112 1246 Graeciam.

175 1272 334 1314 Paulus
356 1272 558 1315 Corintho
580 1272 720 1314 scribit
741 1272 973 1329 Epistolam
996 1273 1049 1314 ad
1072 1274 1294 1315 Romanos.

176 1341 295 1382 Felix
324 1340 627 1397 AEgyptiumi
612 1343 790 1397 Maoum
821 1357 917 1382 cum
948 1341 1031 1382 suis
1061 1341 1114 1382 ad
1146 1352 1327 1384 montem
1360 1322 1511 1385 Oliveti

118 1409 365 1466 profligavit.

175 1477 334 1518 Paulus
354 1477 461 1518 redit
481 1493 532 1518 ex
555 1478 746 1519 Graecia
738 1494 779 1519 ln
803 1477 1107 1520 Macedoniam

176 1548 259 1587 Per
278 1546 364 1587 dies
384 1562 626 1602 azymorum
648 1557 786 1588 manet
808 1547 1025 1604 Philippis.

177 1614 300 1655 Venit
321 1613 615 1670 Hierosolyma
635 1631 729 1655 cum
752 1615 930 1656 collectis
950 1625 1044 1672 post
1066 1617 1351 1666 Pentecosten,
1374 1633 1512 1658 mense

117 1685 146 1724 J
153 1682 272 1724 unio:
308 1681 380 1722 ubi
417 1682 602 1723 tumultu
628 1682 845 1733 concitato,
868 1693 999 1724 morte
1020 1699 1115 1724 eum
1141 1684 1330 1740 eripiens,
1355 1684 1512 1725 Tribu-

116 1765 195 1791 nus
223 1749 586 1805 quaerit—Notme
615 1757 660 1791 tu
688 1765 729 1791 es
750 1751 1006 1807 AEggyptvius,
1026 1753 1098 1807 qui
1124 1748 1313 1793 antelios
1340 1752 1427 1792 dies
1449 1758 1512 1792 tu-

115 1819 291 1859 multum
326 1819 541 1859 concitasti
575 1825 614 1859 et
648 1819 831 1859 eduxisti
862 1821 907 1859 z'n
939 1820 1146 1861 desertum
1178 1822 1291 1861 4000
1322 1821 1512 1861 virorum

114 1888 364 1928 sicariorum
379 1887 399 1926 ,9

174 1955 405 2011 AEgyptius
440 1954 548 1995 enim
582 1954 663 2004 ille,
696 1954 812 1995 sociis
846 1954 1064 2010 oppressis,
1098 1956 1271 1996 salutem
1302 1955 1378 1997 sibi
1409 1956 1512 2012 fuga

116 2022 348 2079 quaesierat,
371 2023 460 2062 Jos.
483 2037 553 2062 xx.
576 2021 614 2063 6.
645 2023 695 2063 ‘O
726 2023 760 2062 ’δὲ
792 2022 993 2078 Αἰγύπτιος
1022 2024 1129 2071 αὐτὸς
1156 2023 1355 2080 ὃιαδςάσας
1383 2026 1422 2064 ἐκ
1449 2028 1511 2073 τῆς

114 2091 243 2146 μάχης
265 2093 399 2143 ἀφανὴς
423 2090 576 2143 ἐγένετο.

171 2157 247 2198 Ad
269 2157 518 2213 Synedrium
539 2156 747 2198 adductus
766 2172 860 2198 cum
883 2157 1052 2199 Anania
1069 2158 1131 2211 (N
1135 2159 1291 2200 ebedaei
1311 2160 1415 2216 filio)
1437 2162 1510 2217 qui

113 2223 251 2265 adhuc
272 2224 353 2266 fuit
373 2225 584 2274 Pontifex,
607 2226 832 2266 orationem
856 2225 1017 2277 habuit,
1040 2227 1130 2267 Act.
1153 2227 1266 2267 xxiii.

172 2295 323 2334 Coram
347 2293 483 2334 Felice
506 2295 706 2334 Caesareae
726 2304 966 2341 accusatur;
1001 2294 1254 2351 respondens
1283 2305 1421 2336 autem
1453 2296 1509 2338 ait

114 2362 247 2401 -Eoe
274 2362 416 2402 multis
442 2363 569 2402 aunis
597 2367 634 2402 te
661 2376 745 2403 esse
759 2363 952 2417 judicem
973 2365 1097 2419 genti
1123 2364 1220 2404 huic
1246 2365 1379 2405 sciens
1405 2365 1508 2404 bono

114 2430 254 2470 animo
271 2444 356 2485 pro
383 2445 445 2470 me
468 2431 743 2484 satisfaciam,
766 2430 876 2470 xxiv.
896 2432 962 2471 10.
1027 2431 1087 2471 Hi
1108 2441 1247 2472 autem
1268 2431 1364 2471 anni
1385 2432 1504 2473 multi

114 2504 231 2537 erant
251 2498 289 2537 5.
317 2512 413 2537 cum
441 2496 626 2546 dimidio,
648 2512 699 2537 ex
726 2513 811 2552 quo
831 2497 1023 2538 Judaicae
1048 2498 1162 2553 genti
1183 2498 1317 2554 judex
1341 2498 1507 2554 imposi-

114 2574 181 2605 tus
212 2573 273 2606 est
302 2580 327 2605 a
358 2564 563 2605 Claudio:
607 2564 718 2605 unde
756 2565 921 2620 longam
953 2566 1029 2605 sub
1061 2581 1108 2606 eo
1139 2582 1281 2621 pacem
1312 2576 1352 2607 et
1381 2571 1506 2607 πολλοὶ

114 2632 384 2687 κατορθώματα
412 2632 469 2672 illi
496 2632 611 2688 genti
638 2632 748 2673 facta
773 2633 958 2688 agnoscit
980 2633 1213 2685 Tertullus,
1235 2651 1330 2691 quae
1358 2634 1508 2691 sigilla-

114 2698 186 2740 tim
207 2700 618 2741 commemoravimus
639 2715 689 2740 ex
711 2700 910 2756 Josepho.

173 2768 212 2807 S.
237 2767 396 2808 Paulus
417 2768 456 2809 in
480 2768 653 2810 vinculis
675 2770 875 2809 Caesareae
896 2768 1115 2809 detinetur.

229 2850 324 2876 vot„
342 2848 376 2875 Ἰ.
774 2850 796 2876 Β
819 2836 845 2876 b

1580 309 1678 336 LVlI.

1562 394 1696 422 Neronis

1611 445 1643 474 3.

1571 1354 1684 1383 LVIII.

1560 1441 1695 1469 Neronis

1609 1492 1640 1520 4.
