1799 3077
90 255 183 283 Libro
200 255 235 282 de

91 297 279 326 caremoniis

91 341 237 369 Ecclesiae

91 384 183 412 Rom.

100 1147 149 1176 Ad
165 1147 256 1175 Rom.

103 1199 169 1228 cap.
182 1190 227 1218 iii.
238 1189 290 1219 lib.

101 1242 133 1271 3.

103 1487 187 1525 Aug.
204 1486 237 1514 in

105 1531 186 1559 Psal.
199 1531 296 1558 lxxxv.

105 1574 137 1601 in
155 1574 289 1602 enchiri-

104 1617 239 1655 dio.cap.
251 1615 303 1655 67.

105 1692 154 1720 De
172 1690 297 1720 civitate

106 1734 166 1763 Dei
184 1734 238 1762 lib.
257 1741 306 1762 21.

107 1787 174 1815 cap.
194 1773 245 1804 26,

108 1819 311 1849 contraPela-

108 1863 216 1901 gianos
232 1862 285 1890 lib.

107 1904 312 1944 hypognosti-

108 1959 179 1978 con.
196 1955 227 1987 5.

113 2304 161 2332 Ad
178 2304 305 2332 Januar.

113 2347 212 2385 Epist.
234 2356 245 2376 1
256 2355 303 2385 ¹9·

306 133 387 171 130
697 129 928 170 JUELLI
963 130 1293 171 APOLOGIA.

306 244 639 286 Eucharisticum
660 243 801 284 divino
821 242 936 284 cultu
958 242 1231 292 adorandum,
1254 242 1325 283 sed
1355 242 1478 282 etiam
1506 241 1622 282 illum
1654 242 1696 282 in

305 327 414 368 equo
431 311 639 368 gradario,
662 326 912 366 quocunque
939 310 1017 366 ipsi
1047 310 1125 351 iter
1154 310 1327 361 faciunt,
1350 320 1398 351 ut
1428 309 1526 351 olim
1556 310 1697 366 ignem

307 380 533 430 Persicum,
556 390 629 420 aut
661 379 784 420 Isidis
815 394 941 429 sacra,
970 378 1282 431 circumferunt,
1308 388 1348 421 et
1380 379 1537 421 Christi
1570 395 1700 420 sacra-

307 459 446 491 menta
465 449 518 490 ad
539 464 700 490 scenam
714 448 818 504 jam,
839 457 880 488 et
899 463 1095 504 pompam
1116 449 1408 499 traduxerunt,
1430 458 1478 489 ut
1499 448 1539 489 in
1567 464 1615 489 ea
1640 463 1698 498 re,

307 518 349 558 in
371 534 455 574 qua
476 533 585 558 mors
607 516 761 558 Christi
782 514 1026 556 inculcanda
1046 525 1086 556 et
1106 515 1351 557 celebranda
1370 525 1471 567 erat,
1493 526 1533 557 et
1553 516 1593 556 in
1617 531 1702 572 qua

308 585 503 642 mysteria
522 583 816 640 redemptionis
836 591 987 623 nostrae
1009 591 1145 624 sancte
1165 598 1211 624 ac
1231 593 1465 625 reverenter
1485 593 1598 624 erant
1617 584 1704 638 agi-

310 655 448 704 tanda,
470 653 685 694 hominum
707 650 815 692 oculi
836 650 936 691 nihil
965 650 1078 691 aliud
1106 667 1232 707 quam
1263 651 1414 693 insanis
1445 651 1701 708 spectaculis,

311 731 352 763 et
371 722 530 763 ludicra
549 720 714 761 levitate
734 728 1010 775 pascerentur.
1073 720 1195 770 Quod
1223 729 1362 761 autem
1389 719 1548 770 dicunt,
1572 729 1613 760 et
1642 719 1704 759 in-

312 789 477 831 terdum
499 788 620 830 etiarn
644 787 779 828 stultis
803 786 1070 843 persuadent,
1093 803 1178 829 sese
1209 788 1351 829 Missis
1382 787 1466 829 suis
1494 803 1619 843 posse,
1644 787 1705 827 di-

313 857 513 899 stribuere
533 865 658 911 atque
679 854 884 911 applicare
904 854 1142 896 hominibus
1165 856 1293 912 (saepe
1314 855 1437 896 etiam
1458 854 1560 895 nihil
1581 854 1633 895 de
1657 870 1706 896 ea

313 942 357 967 re
378 924 668 982 cogitantibus,
691 938 765 964 nec
787 922 887 978 quid
913 931 1062 978 agatur
1088 923 1432 979 intelligentibus)
1456 923 1593 964 omnia
1622 939 1706 963 me·-

314 993 393 1034 rita
422 991 565 1033 mortis
586 989 757 1040 Christi,
779 1000 820 1030 et
850 989 1085 1040 ridiculum,
1108 999 1148 1031 et
1179 990 1422 1040 Ethnicum,
1445 999 1486 1031 et
1515 990 1705 1045 ineptum

316 1071 388 1102 est.
451 1060 576 1101 Fides
596 1058 705 1099 enim
726 1067 865 1098 nostra
884 1067 1058 1098 mortem
1080 1069 1119 1098 et
1140 1073 1302 1099 crucem
1322 1058 1477 1099 Christi
1498 1057 1616 1099 nobis
1636 1073 1708 1114 ap-

317 1130 457 1187 plicat,
477 1143 559 1169 non
589 1127 695 1168 actio
726 1126 965 1167 sacrificuli:
1011 1126 1136 1167 Fides
1160 1126 1315 1182 (inquit
1335 1126 1623 1182 Augustinus)
1648 1141 1707 1166 sa-

318 1207 621 1239 cramentorum
656 1195 871 1252 justificat,
898 1210 981 1235 non
1021 1205 1334 1236 sacramentum.
1395 1196 1453 1236 Et
1493 1193 1707 1250 OrigeneS,

320 1266 412 1317 Ille,
434 1265 583 1321 inquit,
606 1275 666 1305 est
687 1263 888 1313 sacerdos,
910 1273 951 1304 et
976 1262 1227 1319 propitiatio,
1250 1273 1291 1304 et
1321 1263 1468 1313 hostia,
1491 1278 1586 1318 quae
1616 1276 1711 1317 pro-

316 1333 478 1391 pitiatio
498 1333 551 1373 ad
571 1346 915 1387 unumquemque
935 1330 1047 1371 venit
1067 1346 1141 1386 per
1162 1332 1271 1371 viam
1293 1331 1427 1373 Fidei.
1488 1333 1634 1386 Atque
1655 1329 1706 1370 ad

317 1403 429 1443 hunc
450 1401 636 1451 modum,
658 1400 742 1440 sine
770 1399 874 1440 Fide
905 1414 956 1440 ne
976 1399 1079 1439 vivis
1109 1399 1278 1455 quidem
1308 1399 1501 1456 prodesse
1534 1398 1710 1439 dicimus

320 1479 571 1512 sacramenta
594 1468 773 1515 Christi;
807 1467 980 1508 mortuis
1000 1483 1097 1508 vero
1118 1468 1250 1509 multo
1269 1468 1416 1509 minus.
1468 1469 1577 1509 Nam
1595 1465 1710 1522 quod

320 1539 372 1580 de
395 1537 643 1594 Purgatorio
663 1536 729 1577 isti
758 1552 833 1576 suo
857 1536 1013 1591 jactare
1045 1536 1188 1587 solent,
1211 1536 1285 1577 etsi
1315 1536 1418 1577 illud
1450 1536 1599 1577 scimus
1628 1549 1711 1575 non

321 1607 380 1648 ita
399 1621 554 1647 novum
574 1621 674 1655 esse,
697 1614 835 1645 tamen
856 1619 938 1644 non
960 1603 1073 1645 aliud
1094 1620 1219 1661 quam
1240 1605 1405 1645 fatuum
1426 1614 1467 1645 et
1483 1603 1589 1644 anile
1605 1617 1715 1644 com-

322 1684 509 1714 mentum
531 1682 602 1714 est.
663 1671 932 1728 Augustinus
960 1671 1128 1727 quidem
1156 1672 1281 1713 modo
1311 1670 1551 1727 hujusmodi
1581 1684 1713 1726 quen·

322 1742 418 1783 dam
439 1742 576 1783 locum
598 1756 682 1782 esse
703 1740 774 1792 ait,
795 1739 920 1780 modo
946 1755 1063 1795 posse
1091 1756 1176 1781 esse
1206 1755 1288 1780 non
1320 1748 1458 1795 negat,
1481 1738 1606 1779 modo
1636 1737 1715 1778 du-

322 1810 441 1861 bitat,
474 1809 599 1850 modo
632 1824 801 1865 prorsus
835 1817 1050 1864 pernegat,
1082 1817 1123 1849 et
1156 1808 1198 1848 in
1234 1824 1282 1848 eo
1316 1807 1501 1848 homines
1530 1807 1715 1847 humana

324 1879 505 1935 quadam
539 1876 825 1919 benevolentia
859 1885 981 1933 putat
1017 1876 1115 1917 falli.
1179 1878 1342 1917 Tamen
1376 1876 1428 1917 ab
1463 1876 1542 1916 hoc
1578 1890 1715 1916 errore

325 1963 423 1997 uno,
445 1955 560 1988 tanta
589 1945 716 1987 crevit
747 1960 861 2001 seges
890 1944 1226 1996 sacrificulorum,
1249 1954 1297 1985 ut
1326 1960 1421 1985 cum
1450 1944 1493 1984 in
1523 1943 1716 1984 omnibus

324 2014 487 2072 angulis
518 2014 662 2055 Missae
691 2013 827 2070 palam
859 2022 900 2054 et
929 2012 1093 2069 publice
1123 2013 1415 2063 venderentur,
1448 2011 1603 2068 templa
1633 2011 1715 2052 Dei

325 2084 433 2125 facta
452 2083 608 2124 fuerint
629 2082 810 2123 tabernae
838 2080 1072 2131 meritoriae,
1095 2090 1136 2122 et
1166 2081 1322 2122 miseris
1351 2080 1595 2122 mortalibus
1624 2095 1717 2135 per-

327 2167 493 2193 suasum
523 2151 663 2201 fuerit,
685 2150 787 2191 nihil
817 2165 986 2206 prorsus
1016 2165 1102 2191 esse
1122 2149 1395 2198 vendibilius3
1428 2149 1515 2190 istis
1545 2147 1716 2204 quidem

328 2229 437 2261 certe
458 2219 559 2261 nihil
580 2229 667 2260 erat
688 2218 843 2260 utilius.

385 2289 452 2329 De
491 2286 759 2328 multitudine
798 2286 1022 2327 otiosarum
1063 2286 1414 2336 caeremoniarum,
1446 2284 1597 2325 scimus
1626 2286 1719 2324 Au-

329 2356 542 2411 gustinum
573 2354 754 2410 graviter
785 2369 859 2394 suo
891 2363 1074 2410 tempore
1105 2363 1377 2410 conquestum
1409 2368 1504 2393 esse.
1568 2353 1720 2407 Itaque

330 2440 405 2465 nos
428 2438 627 2479 magnum
656 2437 798 2463 earum
828 2437 1046 2463 numerum
1077 2422 1364 2473 resecavimus,
1386 2420 1501 2477 quod
1530 2420 1610 2461 illis
1640 2420 1718 2461 sci·

332 2507 469 2532 remus
499 2490 625 2547 affligi
659 2490 924 2531 conscientias
958 2491 1188 2540 hominum,
1220 2502 1261 2531 et
1295 2489 1458 2546 gravari
1489 2488 1717 2531 Ecclesiam

333 2558 430 2599 Dei.

393 2626 636 2666 Retinemus
657 2636 794 2666 tamen
814 2636 855 2667 et
875 2626 1060 2677 colimus,
1083 2642 1164 2667 non
1187 2636 1349 2667 tantum
1370 2641 1431 2675 ea,
1452 2640 1546 2680 quae
1572 2623 1721 2664 scimus

335 2693 486 2734 tradita
505 2692 629 2733 fuisse
649 2694 701 2733 ab
724 2694 951 2749 Apostolis,
974 2694 1044 2735 sed
1065 2694 1188 2735 etiam
1209 2694 1288 2734 alia
1307 2693 1513 2749 quaedam,
1532 2707 1627 2747 quae
1650 2706 1721 2731 no-

334 2761 398 2802 bis
417 2761 664 2801 videbantur
686 2762 770 2801 sine
792 2761 984 2802 Ecclesiae
1011 2762 1270 2803 incommodo
1301 2761 1396 2802 ferri
1427 2775 1569 2817 posse3
1604 2759 1720 2815 quod
