1799 3077
432 109 668 150 NOELLI
702 107 1167 150 CATECHISMUS.
1413 111 1496 151 233

111 225 269 266 minum
290 232 309 253 o
322 239 418 266 eum
447 222 792 281 potentissimum,
815 230 856 262 et
882 220 1087 277 optimum
1108 228 1128 258 Ρ
1144 221 1326 270 Patrem,
1347 230 1388 262 et
1409 223 1499 262 Ser-

113 301 295 332 vatorem
316 290 677 332 clementissimum
697 303 979 345 agnoscamus.
1026 286 1142 328 Huic
1162 287 1336 343 proinde
1356 288 1499 338 amori,

112 367 153 399 et
172 359 394 415 majestatis
421 374 507 399 suae
527 366 546 395 q
560 357 802 407 reverentia,
825 365 866 397 et
893 354 1137 411 obsequium
1170 369 1269 410 erga
1289 362 1302 382 r
1315 354 1503 395 volunta?

113 436 195 467 tem
217 428 320 483 ejus,
342 436 383 467 et
402 426 445 466 in
466 425 692 467 bonitatem
709 426 798 481 ejus
818 423 995 465 Sfiducia
1015 422 1284 479 adjungenda
1303 431 1375 463 est.

172 496 236 535 M.
271 495 431 535 Totum
461 510 545 544 cor,
567 493 703 535 anima
733 503 834 543 tota,
864 501 1046 547 totaeque
1077 490 1185 531 vires
1216 489 1320 546 quid
1352 489 1504 546 signifi-

114 570 209 603 cant
223 564 239 602 ?

173 632 229 671 A.
262 631 375 671 Eum
397 629 591 670 nimirum
612 628 761 670 amoris
781 628 985 679 ardorem,
1007 643 1182 684 eamque
1203 627 1505 685 synceritatem‚

117 708 166 740 ut
196 698 320 739 nullis
350 698 516 739 omnino
547 697 902 754 tcogitationibus‚
934 696 1160 753 desyderiis
1190 695 1328 746 nullis,
1353 695 1508 736 nedum

118 766 264 808 studiis
284 776 324 808 et
344 766 588 816 actionibus,
611 781 706 821 quae
727 765 809 806 Dei
836 765 965 806 amori
992 765 1277 814 adversentur,
1299 763 1413 804 locus
1444 762 1507 803 sit.

119 836 247 878 Chari
280 845 485 892 parentes,
511 835 666 890 (inquit
695 834 799 890 ille‚)
822 834 934 875 chari
967 834 1099 884 liberi,
1131 833 1370 890 propinqui,
1393 832 1511 874 fami-

118 904 250 954 liares,
271 903 431 944 charior
451 903 588 944 adhuc
609 902 766 958 patria;
801 902 871 943 sed
892 917 1033 942 omnes
1053 901 1238 943 omnium
1259 911 1278 930 u
1294 901 1512 942 charitates

120 972 251 1029 pietas
271 987 370 1028 erga
390 972 530 1012 Deum
562 985 831 1026 summusque
862 970 902 1010 in
925 985 1018 1011 eum
1041 985 1154 1011 amor
1176 984 1257 1010 non
1280 968 1514 1025 complecti-

120 1050 191 1081 tur
207 1039 354 1089 solum,
372 1054 516 1079 verum
534 1039 656 1079 etiam
677 1037 799 1093 longe
820 1037 1084 1094 multumque
1106 1048 1297 1093 superat3
1331 1052 1408 1093 pro
1428 1053 1514 1092 quo

123 1108 216 1164 quis
235 1108 370 1148 bonus
391 1107 554 1148 dubitet
574 1115 746 1146 mortem
769 1108 993 1162 oppetere?
1026 1106 1166 1146 Deum
1193 1105 1300 1146 enim
1322 1120 1403 1145 non
1426 1114 1514 1145 tan-

124 1184 213 1216 tum
236 1175 319 1216 suis
339 1175 545 1225 omnibus,
563 1174 634 1215 sed
655 1182 696 1215 et
717 1174 849 1230 seipso
868 1173 990 1215 etiam
1007 1173 1232 1214 chariorem
1249 1172 1374 1214 habet
1391 1172 1515 1213 homo

125 1259 219 1285 vere
239 1244 345 1300 pius.

183 1313 247 1353 M.
280 1313 309 1353 J
313 1327 379 1352 am
399 1311 451 1352 de
471 1311 650 1368 proximi
671 1326 809 1352 amore
829 1310 934 1366 quid
954 1309 1086 1351 dicis?

183 1382 238 1421 A.
262 1380 431 1421 Amoris
453 1379 632 1430 vincula,
651 1379 843 1420 Christus
863 1379 970 1420 inter
987 1377 1243 1419 Christianos
1265 1392 1358 1417 suos
1378 1377 1517 1417 arctis-

127 1449 229 1491 sima
249 1465 334 1490 esse
354 1448 498 1489 voluit.
560 1450 700 1498 Quum
724 1463 822 1488 vero
852 1456 1000 1488 natura
1030 1446 1081 1487 ad
1114 1462 1188 1487 nos
1218 1445 1327 1502 ipsos
1346 1454 1518 1486 Xaman-

127 1518 202 1559 dos
226 1517 351 1558 simus
380 1516 700 1573 propensissimi,
722 1531 796 1556 nec
824 1515 1017 1571 apertior,
1038 1530 1112 1555 nec
1139 1515 1316 1564 brevior,
1339 1513 1517 1569 denique

128 1601 203 1626 nec
222 1584 433 1635 efficacior,
456 1593 529 1625 aut
550 1584 707 1639 aequior
726 1584 919 1624 fraternae
946 1582 1154 1623 charitatis
1184 1581 1328 1637 regula
1357 1582 1520 1638 excogi-

130 1652 207 1694 tari
235 1661 384 1709 potest,
407 1641 531 1707 quam
554 1667 649 1707 quae
669 1667 693 1692 a
713 1651 896 1692 Domino
923 1666 973 1691 ex
1004 1650 1093 1706 ipsa
1123 1659 1272 1690 natura
1301 1648 1519 1704 desumpta

130 1720 248 1762 nobis
278 1719 547 1776 proponitur3
582 1728 629 1760 ut
649 1719 790 1760 eadem
812 1718 1002 1759 videlicet
1020 1717 1256 1773 proximum
1278 1716 1520 1757 benevolen-

131 1788 202 1839 tia,
225 1804 309 1844 qua
335 1787 528 1843 seipsum,
552 1787 727 1843 quisque
757 1795 1043 1842 prosequatur.
1105 1787 1175 1826 Ex
1203 1801 1287 1841 quo
1320 1784 1519 1840 sequitur,

132 1866 180 1898 ut
211 1855 312 1897 nihil
341 1855 531 1912 proximo
550 1864 570 1893 y
583 1855 795 1905 faciamus,
818 1854 920 1894 nihil
940 1854 992 1894 de
1022 1853 1092 1894 illo
1113 1853 1311 1903 dicamus,
1334 1860 1406 1892 aut
1433 1867 1521 1892 sen-

133 1925 283 1966 tiamus
312 1924 425 1980 quod
456 1939 537 1964 non
560 1932 601 1964 et
631 1923 730 1964 alios
760 1922 878 1963 nobis
898 1922 1044 1972 facere,
1067 1921 1132 1962 vel
1164 1921 1216 1961 de
1243 1920 1360 1961 nobis
1389 1920 1518 1975 loqui,

133 2001 207 2034 aut
237 1991 385 2033 sentire
420 1991 604 2031 velimus.
667 1992 761 2040 Qua
796 1989 917 2030 unica
949 1988 1039 2045 lege
1075 1988 1107 2029 si
1142 1997 1389 2037 teneremur,
1425 2001 1521 2041 quae

134 2060 320 2101 omnium
349 2059 522 2099 aliarum
552 2058 693 2114 legum
725 2066 786 2098 est
817 2056 934 2113 quasi
967 2056 1116 2106 anima,
1151 2055 1251 2096 nihil
1283 2070 1388 2110 opus
1418 2062 1521 2094 esset

135 2129 321 2185 profecto
341 2136 402 2168 tot
422 2127 562 2182 legum
583 2126 785 2176 cancellis,
807 2141 912 2181 quos
932 2124 985 2165 ad
1006 2124 1255 2165 cohibendas
1275 2132 1442 2163 mutuas
1461 2121 1522 2162 in-

130 2196 277 2253 jurias,
299 2205 340 2236 et
360 2195 519 2236 civilem
540 2195 772 2235 societatem
802 2192 1013 2242 tuendam,
1036 2192 1221 2233 homines
1241 2190 1427 2247 quotidie
1453 2205 1523 2230 ex-

137 2264 343 2320 cogitant3
377 2263 504 2319 idque
531 2278 636 2318 pene
655 2263 823 2312 frustra,
846 2261 878 2302 si
898 2261 1025 2317 hujus
1046 2259 1170 2301 unius
1196 2259 1297 2315 legis
1327 2257 1440 2299 nulla
1471 2257 1522 2298 sit

137 2333 244 2374 inter
264 2331 455 2372 mortales
476 2330 717 2371 observatio.

182 2500 196 2513 ⁰
219 2493 316 2523 Deut.
333 2501 364 2521 x.
382 2498 430 2531 17.
454 2501 472 2530 3
493 2491 570 2531 Reg.
588 2491 677 2521 xviii.
693 2500 746 2530 39.
774 2499 785 2520 1
805 2489 892 2520 Tim.
909 2488 950 2519 vi.
968 2496 1016 2528 15.
1126 2494 1141 2514 Ρ
1164 2487 1251 2518 Esai.
1267 2487 1350 2517 lxiii.
1371 2485 1418 2517 16.
1442 2487 1524 2517 Mat.

140 2548 181 2578 vi.
196 2547 227 2577 8.
258 2557 268 2577 1
288 2545 375 2577 Tim.
390 2545 410 2575 i.
427 2555 454 2575 1.
547 2551 562 2570 ‘³
587 2545 685 2575 Deut.
699 2555 730 2574 x.
753 2553 798 2574 12.
825 2543 908 2573 psal.
922 2542 1005 2573 xcvi.
1024 2549 1053 2581 7.
1080 2551 1092 2571 1
1113 2542 1187 2572 Cor.
1204 2551 1235 2571 x.
1253 2551 1307 2580 31·
1394 2547 1405 2561 Γ
1428 2541 1525 2571 Deut.

142 2602 184 2632 vi.
204 2609 251 2641 17.
275 2601 369 2630 Rom.
388 2599 442 2629 xii.
461 2608 490 2629 2.
592 2604 602 2618 ⁹
626 2598 708 2628 Psal.
725 2598 758 2628 ii.
777 2607 824 2628 12.
841 2607 915 2627 xxv.
935 2606 962 2626 1.
987 2596 1076 2626 xxxi.
1093 2606 1119 2626 1.
1137 2596 1243 2626 cxviii.
1260 2595 1291 2626 8.
1393 2597 1402 2615 ῑ
1425 2595 1524 2625 Deut.

142 2665 218 2686 xxx.
234 2654 264 2686 6.
286 2656 355 2684 Jos.
372 2653 464 2683 xxiii.
486 2661 532 2682 11.
558 2652 640 2682 Mat.
658 2662 689 2682 x.
706 2658 759 2691 37.
784 2651 863 2681 Luc.
882 2650 946 2680 xiv.
965 2648 1015 2680 26.
1169 2656 1182 2669 ¹¹
1206 2650 1302 2680 Joan.
1318 2648 1381 2681 xiv.
1402 2657 1452 2688 15,
1473 2657 1524 2684 21,

145 2716 198 2745 23,
214 2715 265 2746 24.
290 2717 341 2738 xv.
361 2716 409 2738 10.
506 2711 520 2725 Χ
546 2714 562 2735 z
581 2705 657 2736 Cor.
673 2705 742 2735 xiii.
757 2712 787 2744 5.
813 2704 894 2743 Eph.
910 2714 939 2734 v.
957 2713 1007 2744 29.
1032 2703 1146 2743 Philip.
1161 2702 1194 2734 ii.
1213 2712 1264 2735 21.
1405 2708 1419 2728 y
1444 2702 1526 2732 Mat.

143 2762 198 2792 vii.
217 2772 265 2792 12.
288 2761 366 2792 xxii.
384 2770 437 2800 39.
463 2760 540 2790 Luc.
557 2759 599 2789 vi.
616 2768 668 2798 31.
692 2759 787 2789 Rom.
804 2757 873 2788 xiii.
891 2765 939 2788 10.
