1799 3077
536 112 763 153 JUELLI
795 113 1133 155 APOLOGIA.
1441 122 1521 164 165

131 230 295 264 tantum
316 232 476 280 partem
498 224 775 267 Eucharistiae
794 226 952 283 populo
972 226 1060 268 dari
1075 227 1243 283 jubent,
1265 238 1305 269 et
1326 229 1365 270 in
1388 247 1435 272 ea
1461 248 1518 285 re,

130 290 359 332 sacerdotes
379 307 473 332 suos
493 292 664 349 alligant
687 294 912 350 sacrilegio.
974 295 1096 345 Quod
1119 295 1150 335 si
1178 295 1236 335 illi
1267 296 1355 338 haec
1384 301 1520 342 omnia

129 373 209 399 usu
233 359 322 415 jam
343 359 432 415 ipso
459 360 675 417 antiquata
704 378 790 403 esse
820 362 971 413 dicent,
994 372 1036 403 et
1065 371 1243 413 mortua,
1266 374 1306 405 et
1338 365 1434 406 nihil
1466 370 1518 409 ad

127 426 204 468 ista
246 435 432 483 tempora
465 429 684 484 pertinere,
718 440 854 471 tamen
890 440 938 471 ut
965 446 1106 472 omnes
1145 431 1391 488 intelligant,
1423 450 1518 489 quae

126 494 228 535 fides
247 494 333 536 istis
348 495 584 538 hominibus
605 498 797 539 habenda
817 498 885 550 sit,
898 515 1066 555 quaque
1083 515 1154 555 spe
1173 501 1357 542 Concilia
1372 503 1423 543 ab
1440 503 1518 545 illis

125 573 416 614 convocentur,
438 564 653 606 videamus
674 566 828 622 paucis,
849 582 974 622 quam
1003 567 1132 623 probe
1162 579 1307 609 curent
1338 585 1398 620 ea,
1421 587 1515 626 quae

123 632 322 687 proximis
342 632 427 673 istis
448 633 579 684 annis,
602 635 752 675 recenti
775 635 912 676 adhuc
933 635 1145 686 memoria,
1162 636 1203 676 in
1221 637 1389 692 publico
1407 640 1515 680 Con-

123 699 215 740 cilio
245 699 426 756 legitime
455 700 624 751 indicto,
649 701 726 757 ipsi
758 711 896 743 sancte
926 703 1182 744 observanda
1212 720 1297 745 esse
1326 705 1515 747 decreve-

122 777 231 808 runt.
283 769 331 808 In
354 768 538 809 Concilio
559 769 749 824 proximo
772 770 1035 821 Tridentino,
1058 771 1128 812 vix
1150 781 1244 813 ante
1264 788 1392 814 annos
1413 789 1513 829 qua-

123 835 366 887 tuordecim,
390 836 591 876 sancitum
613 846 673 877 est
693 837 981 878 communibus
1003 839 1207 895 suffragiis
1234 840 1419 881 omnium
1450 858 1514 882 or-

121 903 281 954 dinum,
303 919 354 944 ne
375 903 441 945 cui
463 904 535 944 uni
556 905 910 945 committerentur
931 906 1016 946 duo
1045 907 1270 948 sacerdotia
1297 924 1380 949 uno
1411 918 1512 950 tem-

119 986 230 1027 pore.
292 972 379 1013 Ubi
401 987 511 1012 nunc
532 981 592 1013 est
611 972 682 1013 illa
709 972 892 1014 sanctio?
935 975 1007 1014 An
1039 990 1086 1014 ea
1116 990 1284 1031 quoque
1315 987 1397 1016 tam
1429 977 1510 1017 cito

119 1039 333 1095 antiquata
352 1049 413 1080 est
434 1048 474 1081 et
494 1043 689 1081 mortua?
727 1042 837 1081 Nam
859 1040 924 1082 isti
946 1041 1113 1097 quidem
1137 1058 1218 1084 non
1241 1052 1402 1085 tantum
1424 1045 1510 1086 duo

119 1108 358 1158 sacerdotia,
381 1108 451 1149 sed
472 1108 594 1148 etiam
615 1108 829 1164 complura
849 1124 956 1165 saepe
986 1111 1245 1163 monasteria,
1267 1120 1308 1152 et
1338 1112 1508 1168 Episco-

117 1185 241 1232 patus
261 1176 385 1217 modo
404 1176 535 1226 binos,
560 1177 684 1217 modo
703 1186 854 1229 ternos,
876 1178 1001 1219 modo
1026 1187 1248 1234 quaternos
1276 1180 1347 1220 uni
1379 1181 1508 1222 tribu-

118 1253 209 1295 unt,
231 1244 352 1300 eique
371 1259 454 1284 non
476 1252 636 1285 tantum
660 1244 841 1296 indocto,
864 1245 935 1286 sed
963 1245 1086 1286 etiam
1115 1262 1223 1303 saepe
1252 1247 1407 1288 homini
1435 1249 1508 1289 mi-

117 1311 236 1353 litari.
299 1313 352 1353 In
387 1311 531 1353 eodem
567 1311 752 1352 Concilio
786 1312 998 1353 decretum
1033 1322 1108 1364 est,
1141 1324 1331 1370 oportere
1366 1331 1507 1356 omnes

116 1378 347 1436 Episcopos
367 1379 514 1420 docere
535 1379 813 1435 Evangelium
833 1396 844 1427 3
877 1380 942 1420 isti
964 1395 1098 1436 neque
1118 1381 1280 1431 docent,
1305 1397 1438 1436 neque
1464 1383 1505 1423 in

113 1446 323 1503 pulpitum
344 1463 527 1503 unquam
552 1447 793 1497 ascendunt,
815 1463 949 1503 neque
969 1448 1011 1488 id
1032 1457 1182 1504 putant
1203 1449 1431 1505 quidquam
1451 1450 1506 1491 ad

113 1530 264 1556 munus
286 1531 407 1556 suum
430 1515 644 1571 pertinere.
707 1517 812 1565 Quae
836 1531 934 1571 ergo
961 1524 1021 1556 est
1048 1516 1125 1557 ista
1154 1531 1306 1572 pompa
1325 1527 1504 1559 vetusta-

114 1583 195 1624 tis?
229 1584 339 1634 Quid
362 1584 413 1624 de
441 1583 669 1640 priscorum
702 1584 892 1634 Patrum,
915 1583 1018 1639 quid
1048 1584 1100 1625 de
1123 1585 1400 1626 Conciliorum
1433 1602 1504 1627 no-

112 1666 259 1692 vorum
280 1661 552 1706 veterumque
582 1651 817 1692 nominibus
846 1651 1107 1707 gloriantur?
1150 1652 1262 1702 Quid
1282 1653 1412 1694 videri
1432 1670 1504 1695 vo-

112 1718 205 1760 lunt
231 1719 306 1760 niti
333 1719 576 1760 auctoritate
597 1719 776 1769 illorum,
798 1735 902 1775 quos
933 1735 1027 1760 cum
1048 1719 1181 1760 visum
1213 1729 1286 1771 est,
1308 1737 1384 1777 pro
1413 1722 1502 1763 libi-

110 1787 205 1828 dine
225 1790 523 1828 contemnunt?
559 1787 640 1828 Sed
666 1786 790 1843 gestit
817 1787 979 1827 animus
1009 1802 1103 1828 cum
1136 1787 1336 1828 Pontifice
1363 1789 1501 1845 potius

109 1854 198 1910 ipso
218 1869 354 1910 agere,
375 1862 416 1895 et
436 1854 524 1895 haec
544 1854 601 1894 illi
621 1869 757 1895 coram
779 1853 819 1894 in
849 1870 894 1894 os
925 1854 1081 1895 dicere:
1127 1855 1207 1895 Dic
1238 1871 1337 1911 ergo
1367 1856 1498 1906 nobis,

108 1922 175 1978 pie
200 1921 408 1972 Pontifex,
431 1922 504 1977 qui
534 1921 672 1963 omnia
701 1921 873 1977 antiqua
902 1937 1057 1977 crepas,
1080 1930 1121 1962 et
1151 1938 1292 1963 omnes
1322 1922 1396 1963 tibi
1428 1922 1499 1963 uni

107 1989 292 2030 addictos
312 2005 397 2030 esse
414 1989 629 2045 gloriaris,
663 2005 714 2029 ex
742 1988 933 2029 omnibus
962 1989 1158 2029 Patribus
1189 1989 1282 2045 quis
1312 2004 1498 2044 unquam

106 2066 146 2097 te
168 2057 231 2097 vel
253 2073 461 2098 summum
484 2057 743 2106 Pontificem,
764 2056 829 2097 vel
852 2056 1124 2097 universalem
1142 2057 1413 2112 Episcopum,
1432 2055 1497 2096 vel

106 2133 231 2180 caput
266 2125 462 2166 Ecclesiae
496 2124 748 2181 appellavit?
787 2125 890 2174 Quis
926 2124 999 2165 tibi
1037 2125 1236 2165 traditum
1272 2140 1357 2164 esse
1390 2123 1495 2164 dixit
1506 2132 1587 2162 Dist.
1605 2135 1705 2182 931ss-

106 2200 332 2248 utrumque
352 2193 562 2248 gladium?
595 2193 698 2243 Quis
719 2201 758 2233 te
779 2192 930 2233 habere
949 2192 1233 2232 auctoritatem
1255 2202 1295 2232 et
1310 2192 1380 2246 jus
1400 2206 1494 2231 con-
1505 2182 1679 2255 ζ’)ῗῇἳὶζζΐ

105 2260 279 2301 vocandi
300 2261 493 2302 concilia?
533 2261 635 2311 Quis
665 2260 903 2301 universum
935 2260 1140 2300 mundum
1172 2275 1256 2300 esse
1286 2258 1490 2299 dioecesim
1505 2263 1535 2288 et
1552 2262 1642 2289 obed-

1505 2304 1607 2332 Unam
1622 2314 1709 2333 sanc-

105 2331 243 2369 tuam?
286 2329 390 2380 Quis
410 2329 462 2369 de
484 2339 557 2370 tua
576 2328 833 2385 plenitudine
861 2327 1090 2383 Episcopos
1121 2342 1260 2367 01111165
1285 2326 1578 2381 3661Ρ616ἓῐηη,,

105 2397 208 2446 Quis
228 2396 303 2437 tibi
323 2397 461 2438 datam
484 2413 569 2438 esse
590 2411 752 2437 omnem
774 2405 1017 2451 potestatem
1040 2404 1122 2436 tam
1151 2395 1190 2435 in
1224 2394 1342 2445 coelo,
1365 2410 1490 2450 quam
1502 2388 1708 2461 {gafffffsgfl}

102 2465 145 2505 in
165 2467 299 2505 terra?
333 2464 436 2514 Quis
457 2462 497 2505 te
526 2480 600 2505 nec
627 2479 652 2504 a
679 2463 868 2519 Regibus
898 2478 971 2503 nec
1002 2478 1026 2502 a
1056 2471 1143 2503 toto
1175 2462 1312 2512 Clero,
1334 2477 1408 2503 nec
1438 2463 1490 2503 ab
1504 2474 1581 2502 Cum
1600 2474 1681 2544 inter

1503 2525 1608 2544 nOHssU
1638 2527 1679 2544 OS.

102 2532 295 2574 universo
314 2531 471 2589 populo
491 2547 608 2587 posse
622 2531 826 2587 judicari?
860 2531 963 2581 Quis
983 2532 1121 2586 Reges
1141 2538 1181 2571 et
1198 2531 1488 2586 Imperatores,
1504 2559 1539 2588 ln
1558 2561 1656 2596 ἕψω
1672 2560 1704 2587 Η-

102 2601 154 2641 de
182 2601 303 2656 jussu
339 2609 379 2640 et
415 2599 627 2640 voluntate
664 2599 833 2648 Christi,
870 2615 895 2639 a
929 2607 969 2639 te
1003 2597 1185 2654 accipere
1220 2601 1703 2662 potestatem?pal-*lhufdit-

103 2668 207 2718 Quis
240 2678 280 2709 te
311 2668 369 2708 ita
399 2667 616 2723 exquisita,
649 2675 689 2708 et
726 2665 1025 2706 Mathematica
1053 2665 1225 2714 ratione,
1258 2666 1489 2721 septuagies
1501 2653 1645 2716 ἱζᾞέζζξζι

102 2735 249 2791 septies
268 2736 465 2791 majorem
486 2750 571 2776 csse
591 2733 781 2775 maximis
801 2733 998 2789 regibus?
1031 2733 1134 2784 Quis
1156 2733 1227 2774 tibi
1246 2742 1488 2788 potestatem
1505 2736 1594 2766 ¹503·

758 2816 789 2841 M
810 2803 836 2841 3
