1799 3077
526 113 755 154 JUELLI
789 113 1130 154 APOLOGIA.
1437 120 1519 165 139

133 225 290 282 possint
320 225 363 266 id
393 225 458 266 vel
488 241 562 282 per
592 226 873 267 tenuissimam
904 226 1051 268 rimam
1076 227 1425 277 animadvertere;
1460 232 1522 272 vel

133 293 191 335 ita
220 293 430 344 candidos,
463 303 511 335 ut
545 293 777 350 quidquam
808 294 936 336 velint
965 295 1005 336 in
1038 295 1247 336 meliorem
1276 306 1434 351 partem
1464 299 1524 339 in-

134 361 376 418 terpretari3
410 362 474 403 vel
503 362 560 403 ita
586 362 803 418 ingenuos,
826 373 874 404 ut
900 363 1040 405 oculos
1068 380 1163 405 suos
1189 363 1316 405 velint
1337 364 1378 405 in
1400 381 1441 406 se
1464 382 1525 407 re-

133 429 312 481 flectere,
335 439 375 470 et
395 445 529 471 mores
549 440 709 472 nostros
738 432 788 472 de
817 430 900 472 suis
921 432 1105 473 moribus
1126 432 1339 473 aestimare.
1402 434 1524 483 Quod

135 498 168 538 si
188 513 274 538 rem
296 497 426 554 ipsam
448 499 500 540 ab
522 498 646 539 initiis
673 499 847 540 velimus
873 509 1071 556 repetere,
1095 501 1244 541 scimus
1271 502 1524 557 temporibus

134 566 232 622 ipsis
252 566 552 622 Apostolorum
582 567 707 608 fuisse
734 567 919 609 homines
942 568 1197 610 Christianos
1224 578 1393 625 propter
1420 586 1523 625 quos

134 649 283 676 nomen
311 635 480 676 Domini
507 635 877 692 blasphemaretur,
899 645 940 678 et
970 636 1076 678 male
1102 637 1264 679 audiret
1284 637 1390 679 inter
1412 639 1523 680 Gen-

137 711 211 744 tes.

194 770 393 820 Queritur
419 770 533 826 apud
563 772 837 812 Sozomenum
864 772 1097 828 Imperator
1118 773 1399 824 Constantius,
1421 774 1527 815 mul-

136 847 199 880 tos
229 847 448 894 postquam
480 838 533 879 ad
563 839 841 880 Christianam
871 840 1110 896 religionem
1140 842 1412 893 accessissent,
1434 859 1525 884 eva-

136 907 233 949 sisse
273 906 509 947 deteriores.
569 908 628 947 Et
669 907 906 963 Cyprianus
944 908 1115 964 lugubri
1154 909 1337 951 oratione
1380 911 1527 952 descri-
1540 921 1587 949 De
1606 919 1706 957 lapsis.

135 976 197 1017 bit
228 974 505 1031 corruptelam
538 974 601 1015 sui
634 975 840 1031 temporis.
901 975 1188 1032 Disciplinam,
1220 977 1369 1034 inquit,
1401 995 1525 1035 quam

137 1043 334 1100 Apostoli
366 1042 635 1093 tradiderant,
664 1043 794 1084 otium
820 1044 909 1100 jam
940 1053 981 1085 et
1010 1060 1093 1101 pax
1123 1044 1248 1101 longa
1276 1058 1526 1103 corruperat.

140 1110 374 1153 Studebant
402 1112 595 1168 augendo
623 1112 871 1168 patrimonio
901 1112 1067 1169 singuli,
1097 1121 1138 1154 et
1167 1114 1283 1155 obliti
1313 1114 1414 1170 quid
1445 1132 1529 1157 cre-

137 1179 295 1230 dentes,
316 1188 389 1219 aut
417 1179 494 1219 sub
516 1179 732 1235 Apostolis
761 1189 856 1221 ante
882 1180 1086 1232 fecissent,
1107 1191 1181 1222 aut
1207 1197 1367 1238 semper
1395 1183 1528 1225 facere

137 1248 351 1298 deberent,
383 1247 602 1289 insatiabili
633 1248 872 1305 cupiditatis
903 1249 1049 1290 ardore
1079 1249 1324 1306 ampliandis
1357 1251 1529 1293 faculta-

138 1316 250 1358 tibus
270 1316 536 1357 incubabant.
597 1318 693 1357 Non
721 1317 763 1357 in
792 1317 1072 1359 sacerdotibus
1091 1318 1234 1374 religio
1260 1319 1423 1371 devota,
1446 1335 1526 1361 non

138 1385 181 1426 in
203 1384 399 1425 ministris
419 1384 522 1425 fides
542 1384 716 1441 integra,
739 1401 821 1426 non
849 1386 891 1426 in
919 1386 1113 1442 operibus
1136 1386 1425 1438 misericordia,
1446 1404 1529 1430 non

139 1454 181 1495 in
203 1453 388 1494 moribus
408 1452 634 1509 disciplina.
698 1455 909 1510 Corrupta
929 1454 1059 1495 barba
1084 1453 1125 1494 in
1152 1454 1263 1505 viris,
1285 1455 1326 1495 in
1350 1456 1529 1498 foeminis

139 1523 273 1564 forma
301 1523 451 1563 fucata.
512 1522 569 1562 Et
599 1531 694 1562 ante
723 1522 841 1563 illum
871 1522 1170 1573 Tertullianus,
1200 1524 1237 1564 O
1269 1524 1448 1575 miseros,
1468 1524 1528 1565 in-

139 1591 245 1646 quit,
268 1606 355 1641 nos,
378 1590 450 1646 qui
474 1589 697 1630 Christiani
719 1590 895 1631 dicimur
921 1591 1000 1632 hoc
1025 1594 1233 1648 tempore!
1268 1593 1424 1634 Gentes
1443 1594 1529 1650 agi-

140 1674 233 1700 mus
254 1659 331 1700 sub
352 1658 516 1699 nomine
538 1658 702 1699 Christi.

200 1729 414 1769 Postremo
453 1743 504 1768 ne
544 1742 685 1767 omnes
723 1742 1102 1778 commemoremus,
1137 1727 1365 1784 Gregorius
1405 1729 1529 1770 Nazi-

140 1811 322 1837 anzenus
342 1795 393 1836 de
415 1795 633 1836 miserabili
656 1804 765 1836 statu
795 1810 964 1836 suorum
986 1804 1218 1851 temporum
1240 1796 1298 1837 ita
1318 1796 1525 1851 loquitur:

140 1864 362 1914 Vitiorum,
399 1863 550 1920 inquit,
590 1872 825 1904 nostrorum
865 1879 1001 1914 causa,
1039 1863 1134 1905 odio
1165 1864 1255 1920 jam
1293 1864 1529 1907 laboramus

142 1932 249 1973 inter
285 1934 455 1974 Gentes.
518 1932 809 1988 Spectaculum
850 1931 972 1972 etiam
1000 1932 1088 1987 jam
1127 1932 1225 1973 facti
1266 1948 1408 1974 sumus
1446 1949 1525 1975 non

144 1999 275 2041 solum
316 1999 471 2056 angelis
506 2009 547 2040 et
588 1999 839 2050 hominibus,
877 1999 946 2040 sed
988 1999 1110 2040 etiam
1151 2000 1341 2041 omnibus
1380 2001 1526 2057 impiis.

143 2069 239 2109 Hoc
269 2068 358 2109 loco
388 2078 475 2109 erat
506 2068 691 2109 Ecclesia
721 2068 816 2118 Dei,
839 2083 934 2108 cum
965 2067 1146 2124 primum
1177 2068 1312 2110 lucere
1342 2070 1530 2125 coepisset

142 2136 434 2192 Evangelium,
466 2151 560 2176 cum
602 2137 786 2177 nondum
820 2135 953 2176 rabies
988 2144 1258 2192 tyrannorum
1291 2136 1527 2188 refrixisset,

142 2212 215 2244 aut
249 2203 408 2259 gladios
441 2219 465 2243 a
499 2203 827 2244 Christianorum
864 2202 1079 2243 hominum
1112 2203 1336 2245 cervicibus
1368 2204 1529 2245 ablatus

142 2281 257 2313 esset.
321 2271 494 2321 Scilicet,
536 2287 617 2312 non
666 2281 726 2312 est
770 2287 923 2312 novum
968 2271 1154 2312 homines
1200 2288 1285 2312 esse
1328 2272 1527 2323 homines,

141 2339 299 2381 etiamsi
319 2338 579 2394 appellentur
601 2339 836 2380 Christiani.

203 2407 284 2448 Sed
311 2407 376 2447 isti
405 2423 499 2448 cuin
526 2408 584 2448 ita
610 2407 748 2448 odiose
776 2423 850 2448 nos
876 2416 1081 2457 accusant,
1104 2407 1258 2448 nihilne
1285 2407 1448 2449 interim
1476 2409 1528 2450 de

144 2491 185 2515 se
206 2474 387 2530 cogitant
404 2477 420 2514 ?
453 2477 525 2515 An
546 2475 603 2515 illi
624 2475 777 2530 quibus
798 2485 881 2515 tam
902 2474 1045 2531 procul
1070 2484 1266 2530 spectare,
1288 2485 1328 2516 et
1355 2477 1455 2532 quid
1485 2477 1527 2517 in

145 2541 382 2592 Germania,
405 2542 591 2597 quidque
619 2543 659 2582 in
681 2542 838 2598 Anglia
859 2551 1006 2596 agatur
1035 2541 1172 2582 videre
1200 2542 1330 2582 otium
1359 2553 1433 2594 est,
1455 2553 1528 2585 aut

143 2611 259 2652 obliti
281 2620 391 2660 suut,
412 2620 484 2650 aut
506 2610 643 2650 videre
664 2626 746 2651 non
767 2618 940 2665 possunt
959 2610 1061 2665 quid
1081 2620 1229 2665 agatur
1246 2612 1423 2652 Romae?
1455 2612 1527 2651 An

144 2694 219 2721 nos
248 2680 301 2720 ab
328 2679 406 2720 illis
432 2694 686 2728 accusamur,
711 2678 763 2718 de
793 2693 973 2733 quorum
1003 2678 1088 2720 vita
1118 2694 1238 2720 nemo
1268 2688 1401 2735 potest
1432 2679 1527 2720 satis

144 2748 313 2789 honeste
334 2757 373 2788 et
394 2747 624 2788 verecunde
644 2749 991 2788 commemorare?
