1799 3077
469 128 706 170 NOELLI
741 129 1208 171 CATECHISMUS.
1446 135 1530 178 279

142 240 274 291 dolor,
296 242 415 297 cujus
444 257 579 293 sensu,
603 242 717 298 quod
737 258 762 283 a
781 242 946 298 justitia
974 242 1188 293 aberrarit,
1210 251 1251 284 et
1278 243 1359 284 Dei
1390 245 1533 286 volun-

143 308 218 349 tati
238 308 375 350 minus
394 309 625 365 obsequens
644 309 784 360 fuerit,
806 310 987 366 graviter
1007 310 1194 351 afficitur.
1256 311 1395 352 Debet
1425 313 1533 353 enim

144 376 431 432 unusquisque
472 385 669 419 anteactae
705 377 800 418 vitae
840 388 1006 433 peccata
1046 378 1278 428 recordans,
1311 378 1387 419 sibi
1423 387 1535 420 totus

144 444 404 500 Zdisplicere,
428 444 504 486 sibi
535 461 785 495 succensere,
808 461 943 487 acrem
974 462 1015 487 se
1046 446 1241 488 vitiorum
1272 461 1442 487 suorum
1467 449 1535 504 ju-

144 513 276 554 dicem
307 513 505 569 praebere,
528 523 569 555 et
598 514 685 570 ipse
708 515 760 555 de
791 530 832 556 se
862 515 1105 556 sententiam
1124 515 1245 565 ferre,
1268 524 1309 556 et
1329 515 1535 571 judicium

143 580 426 636 pronuntiare,
449 597 500 622 ne
520 582 613 623 irati
635 582 716 623 Dei
735 598 862 638 grave
876 583 1083 639 judicium
1105 584 1261 624 subeat.
1314 584 1444 624 Hunc
1466 583 1538 623 do-

144 648 271 689 lorem
293 648 464 704 quidam
488 649 789 691 Contritionem
818 650 1093 706 appellarunt,
1116 650 1182 691 cui
1212 650 1369 707 peccati
1395 649 1536 691 odium

145 732 252 767 aere,
273 717 515 773 amissaeque
535 718 711 774 justitiae
731 733 846 758 amor
867 729 906 759 et
929 718 1207 776 desyderium,
1230 718 1539 775 propinquitate

145 792 272 839 atque
294 794 442 825 natura
461 785 682 841 conjuncta
702 794 812 826 sunt.

206 853 270 892 M.
304 853 367 892 At
399 860 513 893 tanta
544 868 629 893 esse
661 861 798 909 potest
828 852 1027 893 scelerum
1057 853 1317 904 conscientia,
1339 863 1380 894 et
1412 853 1540 909 poeni-

147 920 261 962 tendi
290 920 364 970 vis,
387 930 435 960 ut
464 920 714 961 circumfuso
746 920 931 976 undique
961 936 1127 976 pavore,
1150 921 1327 962 hominis
1356 921 1540 962 animum

148 988 290 1030 salutis
311 988 542 1044 desperatio
561 999 746 1045 occupet.

206 1058 262 1096 A.
296 1057 451 1097 Verum
472 1056 544 1098 aid
565 1057 734 1112 quidem
766 1066 841 1106 est,
864 1056 940 1097 nisi
961 1055 1113 1097 doloris
1143 1056 1419 1112 magnitudini
1449 1073 1543 1098 con-

150 1124 388 1165 solationem
410 1126 528 1165 Deus
548 1125 754 1166 adhibeat.
818 1124 900 1166 Sed
930 1124 1009 1180 piis
1037 1133 1223 1180 superest
1249 1124 1386 1165 adhuc
1416 1125 1544 1166 altera

149 1192 219 1234 illa
249 1207 344 1248 pars
373 1192 676 1248 resipiscentiae,
699 1209 808 1249 quae,
832 1192 852 1221 b
869 1193 1047 1249 Spiritus
1076 1193 1301 1242 renovatio,
1334 1193 1417 1233 sive
1448 1194 1542 1234 novi

150 1260 327 1302 hominis
348 1260 567 1301 vivificatio
588 1260 752 1302 dicitur.
796 1262 863 1302 Ea
883 1270 957 1311 est,
980 1276 1075 1302 eum
1099 1260 1225 1301 Fides
1245 1260 1441 1301 accedeus
1461 1262 1546 1301 ani-

152 1344 267 1370 mum
297 1329 355 1369 ita
381 1329 574 1370 affectum
595 1338 781 1370 Crecreat
813 1329 1100 1385 sublevatque,
1133 1329 1316 1370 dolorem
1352 1329 1474 1377 levat,
1507 1340 1547 1369 et

152 1397 400 1447 consolatur,
422 1413 447 1437 a
468 1397 750 1453 desperatione
777 1397 831 1438 ad
862 1413 976 1453 spem
1008 1397 1152 1448 veniae,
1173 1413 1197 1438 a
1217 1399 1310 1438 Deo
1330 1413 1404 1452 per
1426 1398 1546 1438 Chri-

153 1474 263 1507 stum
294 1465 578 1521 impetrandae,
603 1475 644 1506 et
663 1481 687 1506 a
708 1465 846 1506 limine
876 1465 1032 1516 mortis,
1056 1476 1183 1521 atque
1203 1466 1256 1506 ab
1276 1464 1416 1505 inferis
1442 1464 1546 1505 adeo

149 1533 260 1590 ipsis,
283 1533 337 1574 ad
358 1533 484 1574 vitam
506 1542 684 1583 revocat,
705 1542 832 1589 atque
853 1533 983 1589 erigit.
1047 1535 1195 1589 Atque
1226 1534 1303 1574 hoc
1334 1542 1408 1583 est,
1430 1532 1545 1588 quod

156 1616 473 1643 REMISSIONEM
498 1616 800 1643 PECCATORUM
822 1616 897 1642 nos
917 1601 1082 1642 credere
1103 1602 1358 1658 profitemur.

214 1672 280 1711 M.
313 1672 385 1711 An
415 1670 539 1711 homo
559 1670 636 1711 hoc
658 1679 786 1721 metu,
809 1678 935 1726 atque
961 1669 1024 1711 his
1044 1670 1368 1720 difficultatibus,
1391 1669 1474 1710 suis
1505 1684 1546 1710 se

156 1738 314 1780 viribus
334 1739 507 1780 liberare
527 1741 692 1794 potest?

214 1809 270 1848 A.
305 1806 419 1847 Nihil
450 1806 596 1848 minus.
661 1806 781 1848 Solus
803 1806 910 1847 enim
933 1807 1051 1847 Deus
1072 1816 1146 1855 est,
1167 1806 1186 1835 d
1200 1806 1272 1862 qui
1293 1806 1547 1847 diffidentem

156 1876 281 1916 rebus
311 1875 394 1916 suis
424 1875 653 1925 confirmat,
683 1875 878 1916 afflictum
910 1875 1045 1931 erigit,
1076 1874 1286 1930 perditum
1318 1882 1486 1923 recreat,
1508 1883 1549 1914 et

157 1960 243 2001 quo
273 1944 378 1985 duee
407 1944 513 1985 hanc
544 1959 670 2000 quam
703 1943 790 1984 dixi
823 1959 952 2000 spem,
985 1953 1180 1994 mentem,
1210 1943 1549 1997 voluntatemque

158 2022 348 2069 peccator
369 2012 552 2068 suscipit.

219 2083 282 2122 M.
315 2083 344 2121 J
347 2096 414 2122 am
434 2080 548 2137 quod
570 2087 756 2135 superest
775 2079 817 2118 in
841 2078 1053 2135 SymbOIO,
1069 2078 1205 2119 recita.

220 2151 274 2189 A.
308 2151 465 2190 CREDO
489 2160 901 2190 RESURRECTIONEM
924 2161 1105 2197 CARNIS,
1127 2155 1214 2187 eET
1238 2160 1384 2186 VITAM
1407 2159 1551 2186 AETER-

163 2231 279 2257 ΝΛΜ.

221 2285 285 2324 Μ.
318 2285 385 2324 De
406 2283 482 2333 his,
504 2283 699 2339 quoniam
730 2282 772 2322 in
802 2280 1047 2337 explicando
1075 2280 1221 2321 ultimo
1245 2279 1405 2336 judicio
1433 2289 1553 2321 antea

164 2351 348 2392 nonnihil
369 2350 555 2407 attigisti,
572 2366 705 2406 pauca
726 2359 887 2391 tantum
909 2365 934 2389 a
954 2357 994 2389 te
1014 2349 1296 2404 percontabor.
1342 2350 1551 2398 Quorsum

165 2421 346 2469 tandem,
364 2430 437 2460 aut
456 2435 530 2460 cur
550 2418 627 2459 ista
646 2417 882 2459 credimus?

210 2511 222 2524 2
247 2505 330 2534 Psal.
348 2505 389 2534 vi.
406 2503 437 2541 6,
454 2511 482 2543 7.
511 2503 601 2533 xxxi.
619 2512 651 2542 9,
671 2512 717 2532 ιο.
750 2501 883 2531 xxxviii.
899 2511 932 2539 3,
949 2510 982 2538 4,
1001 2501 1033 2536 6,
1050 2500 1082 2537 8,
1099 2510 1132 2539 9,
1158 2510 1205 2535 10,
1226 2508 1277 2539 17,
1300 2500 1345 2529 18.
1376 2500 1410 2528 li.
1432 2507 1479 2538 17.
1503 2500 1553 2529 cii.

167 2567 201 2596 4,
218 2565 247 2597 5.
277 2568 287 2587 1
308 2558 381 2588 Cor.
397 2558 440 2587 xi.
456 2567 509 2595 3¹·
535 2564 551 2585 2
568 2557 642 2586 Cor.
660 2556 712 2585 vii.
729 2564 762 2595 9,
784 2565 833 2591 ιο,
854 2564 902 2584 11.
997 2562 1009 2575 ί·
1029 2554 1111 2584 Gen.
1127 2553 1170 2584 iv.
1188 2563 1235 2592 13.
1260 2553 1341 2583 Mat.
1359 2552 1458 2582 xxvii.
1472 2562 1506 2591 3,
1524 2561 1555 2589 4.

171 2621 187 2642 2
206 2612 279 2642 Cor.
295 2612 328 2641 ii.
348 2618 378 2650 7,
393 2611 423 2640 8.
522 2609 537 2629 ¹²
553 2610 669 2649 Ephes.
687 2609 730 2638 iv.
749 2617 801 2646 23,
821 2616 870 2645 24.
900 2618 910 2637 1
928 2609 994 2638 Pet.
1012 2608 1054 2638 iv.
1072 2607 1102 2638 6.
1212 2613 1224 2626 <²
1241 2607 1322 2637 Mat.
1339 2606 1382 2636 iv.
1403 2613 1450 2646 17.
1475 2607 1555 2637 Luc.

170 2666 223 2696 vii.
239 2665 293 2704 38,
306 2672 362 2704 47,
376 2665 430 2702 48,
445 2671 496 2703 50.
512 2673 565 2693 xv.
583 2663 633 2699 18,
649 2671 698 2692 21.
716 2662 804 2692 xviii.
821 2671 869 2699 13.
893 2661 981 2691 xxiv.
994 2668 1045 2700 47.
1070 2660 1138 2690 Act.
1157 2660 1190 2690 ii.
1206 2668 1258 2700 37.
1283 2660 1330 2690 iii.
1351 2669 1398 2699 ¹9·
1423 2660 1486 2689 xvi.
1500 2669 1554 2698 30,

170 2729 222 2758 31.
252 2729 263 2748 1
281 2720 367 2749 Tim.
386 2719 405 2748 i.
426 2727 473 2758 15.
576 2717 589 2736 ‘¹
609 2717 688 2747 Mat.
704 2716 792 2746 xviii.
812 2725 860 2745 12.
889 2716 967 2745 Luc.
985 2726 1037 2745 xv.
1056 2724 1103 2745 22.
1141 2724 1157 2744 2
1176 2716 1249 2745 Cor.
1268 2714 1288 2744 i.
1305 2724 1337 2752 3,
1355 2723 1385 2752 4.
1425 2723 1440 2744 2
1459 2714 1556 2744 Theo.

172 2772 205 2803 ii.
225 2772 274 2811 16,
294 2780 340 2811 17.
429 2778 441 2790 θ’
466 2772 547 2801 Mat.
566 2771 644 2802 xxii.
662 2780 715 2809 31,
731 2779 781 2808 32.
813 2770 909 2799 donn.
928 2770 970 2799 xi.
992 2778 1039 2808 23.
1076 2779 1086 2799 1
1107 2770 1180 2799 Cor.
1198 2779 1249 2798 xv.
1268 2773 1347 2799 toto.

829 2836 853 2861 'r
878 2824 903 2861 4«
