1799 3077
494 127 724 169 JUELLI
758 126 1096 167 APOLOGIA.
1405 131 1487 173 189

107 240 242 282 vanda
276 239 462 281 Ecclesia
498 248 571 280 est.
638 239 702 280 Ea
736 238 844 279 enim
879 238 1014 295 posita
1042 247 1103 279 est
1136 238 1178 279 in
1212 238 1490 281 fundamentis

107 308 407 364 Apostolorum
437 316 478 348 et
510 307 831 363 Prophetarum,
859 316 900 348 et
931 306 1164 348 continetur
1193 320 1277 346 uno
1306 307 1491 362 angulari

106 376 257 432 lapide,
290 375 458 417 Christo
487 376 517 415 J
521 390 604 416 esn.
671 375 815 416 Multo
849 390 947 415 vero
983 373 1201 415 clarissime
1237 382 1279 414 et
1313 374 1367 414 ad
1405 374 1493 416 haec

107 454 292 501 tempora
318 443 614 501 appositissime
635 445 692 484 D.
710 444 1009 501 Hieronymus,
1033 444 1326 498 Quoscunque,
1343 441 1491 497 inquit,
1507 453 1541 481 ln
1558 454 1688 490 prophe-

107 511 311 553 Diabolus
331 512 551 568 deceperit,
573 521 614 553 et
633 511 750 568 quasi
781 511 895 552 suavi
923 522 964 552 et
985 509 1212 567 pernicioso
1232 509 1409 550 carmine
1435 509 1494 550 Si-
1507 497 1649 566 angl-ixia-

107 593 298 619 renarum
330 578 506 619 illexerit
535 579 589 620 ad
619 578 923 629 dormiendum,
952 593 1020 618 eos
1046 577 1197 619 excitat
1230 592 1362 618 sermo
1393 576 1495 617 divi-
1508 582 1628 619 cap.i·1i.

109 661 202 696 nus,
224 655 265 687 et
294 645 415 687 dicit:
452 647 585 702 Surge
615 646 689 702 qui
718 646 885 696 dormis,
908 645 1079 695 elevare,
1109 652 1149 685 et
1178 643 1427 685 illuminabit
1456 653 1496 685 te

111 714 315 756 Christus.
377 715 430 754 In
466 713 648 754 adventu
683 729 783 769 ergo
816 712 985 763 Christi,
1023 722 1064 754 et
1098 712 1294 753 sermonis
1328 711 1423 761 Dei,
1456 720 1498 751 et

110 782 308 823 doctrinae
340 780 652 831 Ecclesiasticae,
680 790 721 822 et
753 780 1115 822 consummationis
1144 780 1309 821 Ninivae
1339 789 1380 820 et
1410 795 1498 835 spe-

109 848 341 890 ciosissimae
371 847 607 895 meretricis,
631 847 859 889 elevabitur
887 847 1068 904 populus
1089 856 1129 887 et
1149 846 1401 903 properabit,
1424 846 1497 902 qui

112 915 190 957 sub
212 915 417 971 magistris
436 924 556 956 antea
575 915 701 956 fuerit
729 915 901 971 sopitus,
923 924 964 955 et
990 914 1066 955 ibit
1090 914 1144 954 ad
1173 923 1332 954 montes
1364 913 1498 968 Scrip-

113 993 326 1030 turarum3
360 982 416 1023 ibi
436 981 615 1023 inveniet
635 995 807 1033 montes,
831 984 996 1032 Mosen,
1013 983 1043 1022 J
1046 996 1161 1023 esum
1183 981 1337 1021 Filium
1359 982 1495 1028 Nave;

112 1059 271 1091 montes
302 1050 547 1106 Prophetas,
577 1058 736 1091 montes
767 1050 876 1091 Novi
907 1049 1178 1100 Testamenti,
1204 1049 1428 1105 Apostolos
1458 1057 1499 1089 et

112 1117 412 1174 Erangelistas.
473 1120 532 1159 Et
566 1134 661 1159 cum
691 1118 745 1159 ad
777 1118 878 1159 tales
912 1126 1071 1158 montes
1106 1117 1352 1173 confugerit,
1384 1125 1424 1157 et
1455 1115 1498 1156 in

110 1187 351 1243 hujusmodi
380 1186 584 1228 montium
604 1187 730 1228 fuerit
763 1186 932 1228 lectione
959 1195 1159 1236 versatus,
1182 1185 1212 1226 si
1234 1200 1316 1226 non
1336 1185 1499 1226 invene-

112 1256 166 1297 rit
186 1255 258 1312 qui
289 1271 384 1296 eum
413 1255 571 1307 doceat,
597 1255 756 1309 (messis
786 1254 893 1296 enim
921 1254 998 1295 erit
1024 1253 1170 1303 multa,
1192 1252 1365 1309 operarii
1398 1267 1500 1308 pau-

111 1324 167 1378 ci)
201 1333 337 1365 tamen
369 1332 410 1365 et
441 1324 585 1381 populi
617 1324 801 1365 studium
834 1322 1184 1379 comprobabitur,
1213 1321 1326 1376 quod
1356 1320 1499 1361 confu-

111 1391 247 1448 gerint
279 1391 331 1432 ad
366 1391 606 1448 hujusmodi
640 1400 813 1441 montes,
846 1399 887 1432 et
923 1389 1214 1446 magistrorum
1251 1386 1500 1443 negligentia

111 1469 371 1516 coarguetur.
435 1460 542 1500 Haec
573 1459 857 1515 Hieronymus
878 1458 935 1499 ita
955 1456 1191 1513 perspicue,
1207 1464 1252 1496 ut
1273 1454 1374 1495 nihil
1394 1469 1499 1509 opus

113 1529 164 1567 sit
192 1527 428 1583 interprete,
450 1526 509 1567 ita
538 1526 591 1567 ad
621 1541 682 1575 ea,
704 1541 799 1581 quae
828 1540 902 1565 nos
925 1524 1013 1580 jam
1044 1522 1172 1563 oculis
1195 1522 1383 1562 videmus
1409 1536 1499 1561 eve-

113 1595 232 1644 nisse,
255 1593 573 1644 accommodate,
606 1602 654 1634 ut
683 1593 800 1634 nobis
829 1592 996 1648 quidem
1027 1590 1231 1639 videatur,
1262 1588 1498 1629 universum

113 1671 265 1703 statum
289 1671 521 1719 temporum
543 1672 792 1712 nostrorum,
815 1670 856 1702 et
885 1658 1151 1701 ornatissimae
1181 1657 1289 1697 illius
1319 1656 1500 1697 meretri-

113 1730 170 1771 cis
192 1730 456 1786 Babylonicae
484 1730 660 1780 ruinam,
683 1738 724 1770 et
753 1728 950 1770 Ecclesiae
976 1726 1056 1768 Dei
1087 1724 1437 1773 instaurationem,
1459 1732 1500 1764 et

114 1797 353 1848 caecitatem,
375 1807 500 1854 atque
530 1797 735 1854 ignaviam
758 1796 1074 1853 Episcoporum,
1094 1803 1134 1834 et
1162 1792 1343 1834 studium
1375 1800 1500 1846 atque

116 1865 365 1906 alacritatem
396 1865 556 1922 populi,
582 1865 698 1921 quasi
735 1864 893 1921 Spiritu
925 1861 1165 1919 prophetico
1196 1859 1431 1916 praedicere,
1460 1868 1501 1898 et

116 1943 210 1975 ante
245 1933 384 1974 oculos
418 1943 579 1974 nostros
615 1932 861 1974 constituere
891 1930 1077 1971 voluisse.
1139 1928 1242 1979 Quis
1275 1927 1381 1967 enim
1416 1935 1500 1967 tam

117 2017 248 2043 caecus
269 2010 329 2043 est
357 2010 404 2042 ut
426 2016 508 2041 non
527 2001 665 2041 videat
695 2000 792 2041 istos
821 1998 911 2039 illos
938 1997 1153 2053 magistros
1183 2011 1282 2045 esse,
1305 2010 1329 2035 a
1349 1993 1501 2049 quibus

116 2069 311 2126 populus,
335 2079 381 2110 ut
402 2069 686 2124 Hieronymus
701 2067 771 2118 ait,
789 2067 831 2107 in
851 2080 1028 2106 errorem
1050 2064 1244 2104 inductus
1265 2061 1329 2111 sit,
1349 2070 1389 2101 et
1408 2075 1502 2101 con-

118 2138 299 2193 sopitus;
332 2146 405 2179 aut
425 2137 606 2178 Niniven
626 2137 796 2178 istorum
821 2137 998 2176 Romam
1018 2131 1303 2190 pulcherrimis
1319 2129 1502 2185 aliquan-

119 2205 174 2245 do
202 2205 380 2246 fucatam
413 2205 630 2256 coloribus,
653 2220 763 2245 nunc
793 2204 975 2244 detracta
1002 2215 1189 2257 persona,
1212 2208 1252 2238 et
1280 2197 1424 2238 melius
1443 2197 1502 2237 vi-

119 2272 221 2323 deri,
244 2281 284 2313 et
304 2272 470 2312 minoris
490 2271 601 2318 fieri;
635 2281 707 2312 aut
734 2270 918 2312 homines
938 2268 1027 2325 pios
1047 2266 1242 2308 excitatos
1264 2275 1459 2319 tanquam
1481 2279 1502 2304 e

120 2340 236 2395 gravi
257 2355 412 2390 somno,
434 2339 488 2380 ad
515 2339 648 2380 lucem
670 2337 901 2394 Evangelii,
924 2346 965 2376 et
985 2335 1036 2376 ad
1058 2349 1175 2374 voces
1197 2332 1290 2382 Dei,
1314 2331 1413 2371 nihil
1435 2347 1504 2371 ex-

120 2407 292 2462 pectatis
321 2406 561 2463 hujusmodi
588 2406 877 2462 magistrorum
905 2402 1111 2452 Conciliis,
1132 2399 1349 2441 contulisse
1380 2414 1421 2439 se
1450 2398 1503 2438 ad

123 2483 282 2515 montes
305 2474 613 2530 Scripturarum
629 2476 646 2513 ?
1127 2508 1128 2511 ,

182 2543 245 2582 At
266 2541 407 2581 saltem
432 2540 610 2595 (inquiet
629 2539 794 2595 aliquis)
817 2538 976 2593 injussu
998 2534 1177 2577 Romani
1198 2533 1409 2575 Pontificis
1428 2532 1505 2573 ista

125 2608 273 2649 tentari
306 2623 386 2648 non
419 2606 613 2663 oportuit.
683 2605 808 2646 Illum
839 2604 944 2645 enim
978 2617 1108 2644 unum
1140 2617 1225 2642 esse
1260 2600 1430 2649 nodum,
1464 2608 1504 2638 et

124 2675 335 2716 vinculum
364 2674 564 2716 societatis
585 2672 854 2718 Christianae;
887 2671 1003 2711 illum
1036 2685 1166 2710 unum
1195 2684 1279 2710 esse
1312 2666 1504 2708 Sacerdo-

126 2751 208 2783 tem
243 2742 359 2783 illum
396 2741 570 2782 Levitici
609 2740 782 2795 generis,
819 2754 941 2793 quem
983 2739 1100 2778 Deus
1140 2734 1425 2790 significaverit
1463 2733 1502 2771 in
