1799 3077
221 128 308 170 2⁴72
544 126 781 168 NOELLI
815 123 1280 167 CATECHISMUS.

282 243 339 282 A.
373 241 426 282 In
455 255 588 297 pauca
616 239 838 289 conferam,
860 254 955 294 quae
986 238 1213 294 Scripturae
1233 251 1357 277 sacrae
1375 236 1466 276 fuse
1485 234 1613 291 expli-

224 318 322 350 cant
353 319 394 349 et
423 307 596 364 copiose.
657 308 900 362 Antequam
920 306 1069 346 coelum
1091 315 1132 346 et
1153 314 1281 346 terras
1301 302 1524 344 fabricatus
1553 312 1614 342 est

227 377 436 418 Dominus
472 377 604 425 Deus,
636 389 811 431 regnum
841 373 1054 429 quoddam
1087 373 1162 414 sibi
1195 371 1535 429 pulcherrimum,
1573 377 1615 410 et

227 446 415 502 rempub.
448 443 740 485 sanctissimam
771 442 922 482 habere
952 440 1157 488 decrevit3
1191 455 1279 481 eam
1311 438 1520 495 Apostoli,
1542 437 1615 493 qui

229 515 377 557 Graeee
401 513 665 569 scripserunt,
687 520 706 549 g
720 510 920 560 ἐκκλησίαν
939 509 1215 565 appellarunt,
1238 524 1347 563 quae,
1371 516 1419 548 ut
1441 506 1615 547 verbum

228 583 356 623 verbo
385 581 629 637 exprimam,
659 577 924 635 congregatio
959 577 1040 618 dici
1070 592 1152 617 non
1185 576 1323 632 inepte
1354 584 1503 632 potest.
1564 576 1617 615 In

229 651 337 691 hanc
357 649 475 706 quasi
495 648 701 689 civitatem
724 662 837 687 suam
860 646 1074 702 adscripsit
1095 647 1213 687 Deus
1232 645 1433 686 infinitam
1453 644 1475 672 h
1489 643 1619 684 homi-

231 735 332 760 num
363 717 688 765 multitudinem,
710 716 783 772 qui
815 731 956 756 omnes
983 715 1105 756 unico
1135 731 1210 756 suo
1232 714 1341 770 Regi
1362 713 1528 755 Christo
1548 728 1619 769 pa-

231 798 363 837 reant,
385 795 425 827 et
455 785 566 826 dicto
594 783 808 824 audientes
839 783 918 824 sint
948 792 1073 840 atque
1107 783 1358 833 obedientes,
1390 782 1462 838 qui
1492 781 1620 837 ipsius

232 871 317 897 sese
359 854 499 896 tutelae
535 851 891 902 commendarunt,
930 861 971 893 et
1005 867 1184 907 quorum
1225 851 1311 907 ipse
1345 850 1619 907 patrocinium

233 922 427 979 suscepit,
457 936 611 977 eosque
645 929 847 976 perpetuo
877 929 1019 961 tuetur
1048 929 1089 961 et
1122 928 1346 960 conservat.
1406 918 1480 959 Ad
1515 918 1621 958 hanc

237 991 447 1047 Rempub.
479 987 645 1046 proprie
675 988 898 1044 pertinent,
920 996 1128 1043 quotquot
1155 986 1272 1028 ivere
1302 986 1461 1036 timent,
1493 986 1621 1027 hono-

234 1068 342 1110 rant,
379 1068 420 1099 et
458 1057 650 1098 invocant
691 1058 845 1106 Deum,
877 1071 1045 1111 prorsus
1085 1054 1337 1111 applicantes
1375 1054 1531 1095 animos
1569 1054 1623 1095 ad

235 1135 373 1168 sancte
416 1126 566 1181 pieque
610 1125 858 1172 vivendum3
904 1124 1061 1180 quique
1105 1123 1297 1164 fiduciam
1339 1132 1465 1179 atque
1510 1138 1623 1179 spem

236 1209 401 1235 omnem
435 1193 477 1234 in
518 1194 612 1234 Deo
650 1192 957 1241 constituentes,
995 1192 1088 1232 vitae
1128 1200 1292 1232 aeternae
1324 1190 1624 1232 beatitudinem

236 1261 457 1303 certissime
486 1269 716 1317 expectant.
779 1259 861 1310 Qui
891 1269 1028 1301 autem
1061 1268 1157 1301 sunt
1186 1259 1228 1300 in
1256 1259 1333 1300 hac
1365 1259 1471 1300 Fide
1501 1258 1623 1307 firmi,

237 1330 417 1388 stabiles,
439 1339 565 1385 atque
594 1337 838 1379 constantes,
860 1328 903 1370 hi
930 1327 950 1356 ¹<
967 1328 1083 1369 electi
1110 1337 1235 1384 atque
1256 1327 1472 1383 designati,
1494 1337 1534 1368 et
1557 1328 1625 1380 (ut

238 1414 314 1439 nos
333 1397 561 1454 loquimur)
584 1396 864 1453 praedestinati
890 1405 1006 1437 erant
1036 1396 1090 1437 ad
1118 1397 1224 1437 hanc
1255 1405 1411 1437 tantam
1441 1395 1626 1436 foelicita-

239 1477 338 1517 tem,
359 1475 454 1507 ante
474 1465 608 1522 posita
627 1465 773 1505 mundi
794 1464 1089 1512 fundamenta,
1122 1465 1242 1520 cujus
1271 1464 1329 1505 rei
1356 1472 1500 1505 testem
1522 1463 1531 1491 ¹
1548 1464 1626 1520 ipsi

238 1536 352 1576 intus
380 1535 422 1576 in
455 1534 600 1575 animis
629 1534 784 1574 habent
813 1532 1002 1590 spiritum
1026 1532 1194 1583 Christi,
1216 1532 1379 1574 fiduciae
1408 1532 1535 1588 hujus
1555 1547 1628 1572 au-

239 1604 415 1653 thorem,
437 1596 591 1659 pariter
620 1612 662 1643 et
690 1603 843 1658 pignus
872 1601 1153 1643 certissimum.
1216 1603 1351 1659 Cujus
1371 1601 1514 1643 Divini
1538 1600 1628 1656 Spi-

239 1671 345 1713 ritus
373 1671 584 1721 instinctu,
615 1670 715 1711 mihi
747 1670 869 1712 etiam
896 1669 1117 1711 certissime
1150 1670 1394 1727 persuadeo,
1425 1668 1628 1725 meipsum

241 1755 410 1796 quoque
428 1740 550 1780 beata
574 1738 651 1779 hac
671 1738 849 1788 civitate,
872 1737 952 1778 Dei
972 1753 1046 1795 per
1068 1738 1282 1780 Christum
1303 1737 1514 1786 beneficio,
1536 1751 1629 1793 gra-

242 1807 349 1849 tuito
368 1807 568 1848 donatum
591 1822 689 1848 esse.

301 1878 364 1917 M.
398 1877 476 1917 Pia
491 1891 586 1917 sane
606 1884 647 1916 et
667 1875 788 1932 plane
804 1875 1028 1916 necessaria
1048 1875 1269 1932 persuasio.
1313 1874 1510 1916 Ecclesiae
1531 1889 1629 1930 ergo

242 1960 370 2001 quam
386 1944 500 1995 dicis,
519 1943 798 1985 definitionem
818 1942 919 1984 mihi
935 1942 1047 1984 cedo.

303 2014 362 2054 A.
405 2011 650 2053 Brevissime
679 2010 969 2067 verissimeque
1000 2009 1189 2061 dixerim,
1222 2011 1491 2051 EchEsiAM
1523 2023 1628 2050 ESSE

246 2082 420 2122 CORPUS
441 2089 468 2105 m
482 2082 688 2122 CHRISTI.

305 2151 368 2190 M.
402 2151 465 2190 At
484 2148 610 2205 paulo
630 2148 767 2189 adhuc
786 2147 1029 2204 explicatius
1050 2147 1183 2188 velim.

304 2219 359 2258 A.
382 2217 567 2259 Ecclesia
582 2227 642 2258 est
658 2225 836 2272 ncorpus
850 2215 1032 2271 Reipub.
1053 2215 1312 2265 Christianae,
1327 2214 1368 2254 id
1383 2222 1456 2264 est,
1472 2214 1635 2255 univer-

247 2285 343 2326 sitas
364 2285 614 2341 societasque
635 2283 819 2325 fidelium
840 2283 1039 2333 omnium,
1062 2299 1166 2338 quos
1188 2284 1306 2323 Deus
1326 2298 1399 2338 per
1421 2282 1634 2323 Christum

248 2354 301 2395 ad
322 2362 340 2382 o
354 2354 479 2395 vitam
501 2362 743 2410 perpetuam
759 2352 811 2393 ab
832 2361 986 2393 aeterno
1007 2361 1190 2407 tempore
1211 2350 1441 2391 destinavit.

294 2459 308 2478 g
332 2453 413 2483 Mat.
430 2453 495 2483 xvi.
512 2453 559 2483 18.
662 2451 677 2472 ¹¹
702 2452 785 2483 Mat.
803 2451 914 2482 xxviii.
932 2461 979 2492 19.
1003 2453 1075 2482 Act.
1090 2451 1125 2481 ii.
1143 2459 1174 2491 5,
1192 2460 1222 2491 9.
1250 2461 1261 2481 1
1280 2451 1354 2481 Cor.
1371 2450 1426 2480 xii.
1444 2459 1492 2488 13.
1518 2449 1634 2488 Ephes.

251 2519 282 2539 v.
297 2517 350 2546 23,
367 2516 417 2545 24.
564 2506 703 2538 iAct.x.
720 2516 774 2546 34,
792 2515 844 2546 35.
868 2507 960 2537 Rom.
979 2505 1011 2535 ii.
1033 2515 1080 2534 11.
1104 2504 1176 2534 Gal.
1193 2504 1235 2534 vi.
1253 2511 1303 2543 15,
1323 2503 1370 2534 16.
1396 2503 1503 2533 Colos.
1521 2503 1564 2532 iii.
1584 2511 1633 2539 11,

258 2570 306 2599 12,
327 2561 384 2590 διο.
528 2559 543 2580 ¹<
567 2561 648 2591 Mat.
667 2561 732 2590 xvi.
753 2560 802 2590 18.
832 2561 926 2590 Rom.
943 2560 1010 2589 viii.
1028 2569 1079 2600 29,
1095 2569 1147 2598 30.
1179 2559 1296 2598 Ephes.
1313 2559 1333 2589 i.
1352 2567 1384 2596 4,
1403 2566 1433 2598 5.
1465 2558 1572 2588 Colos.
1589 2557 1636 2586 iii.

256 2624 305 2644 12.
329 2614 397 2644 Tit.
414 2613 433 2643 i.
456 2623 482 2643 1.
645 2613 652 2634 ¹
678 2615 772 2644 Rom.
790 2613 857 2644 viii.
874 2623 907 2654 9,
929 2622 978 2653 15,
997 2612 1043 2643 16.
1068 2623 1084 2643 z
1102 2614 1175 2643 Cor.
1190 2613 1211 2643 i.
1228 2622 1277 2643 22.
1300 2623 1332 2642 x.
1347 2620 1378 2652 5.
1411 2611 1527 2651 Ephes.
1545 2611 1566 2640 i.
1583 2619 1634 2648 13,

258 2676 305 2706 ¹4·
329 2678 357 2697 v.
373 2677 424 2706 30.
633 2673 655 2687 ¹¹¹
683 2678 695 2697 1
716 2668 790 2698 Cor.
808 2668 863 2698 xii.
878 2673 928 2706 27.
962 2668 1078 2707 Ephes.
1096 2667 1118 2698 i.
1136 2676 1185 2705 23·
1218 2677 1247 2696 v.
1266 2676 1316 2705 23.
1351 2665 1457 2696 Colos.
1474 2665 1495 2694 i.
1516 2664 1565 2700 18,
1586 2673 1636 2701 24.

255 2728 269 2742 ¹¹
288 2722 381 2752 Rom.
398 2721 452 2751 xii.
470 2728 499 2759 5.
528 2731 539 2750 1
556 2721 629 2751 Cor.
644 2721 702 2751 xii.
719 2731 769 2758 ιι,
787 2722 845 2751 &cn
866 2731 918 2757 20,
935 2720 985 2752 26.
1012 2730 1027 2750 2
1044 2721 1117 2751 Cor.
1134 2721 1155 2751 i.
1175 2730 1225 2751 22.
1252 2719 1473 2758 Ep11es.i·1i.9.
1523 2725 1536 2737 ⁰
1551 2718 1633 2748 Mat.

257 2785 330 2805 xxv.
347 2783 399 2812 34.
425 2775 539 2813 Ephes.
557 2774 578 2803 i.
597 2783 629 2811 4,
647 2782 676 2812 5.
701 2784 716 2804 2
735 2775 831 2804 Thes.
849 2775 893 2804 iii.
916 2774 963 2804 18.
