1799 3077
256 130 341 170 284
585 128 818 170 NOELLI
853 128 1320 171 CATECHISMUS.

256 257 349 284 men
371 242 555 298 ipsorum
574 241 734 291 merito,
758 250 776 269 ⁰
790 241 860 282 sed
881 241 996 297 quod
1018 241 1085 282 ille
1105 257 1180 282 suo
1199 241 1340 283 favore
1360 257 1407 282 ea
1426 242 1648 286 liberaliter

255 311 464 367 dignetur.
526 310 636 350 Nam
666 308 826 349 tametsi
856 324 880 349 a
910 309 1066 350 Divino
1096 309 1251 360 afflatu,
1276 318 1322 350 ut
1342 325 1366 350 a
1385 310 1499 350 fonte
1525 311 1648 353 rivuli

255 379 529 428 deducantur,
552 393 603 418 ex
625 375 789 417 Pcarnis
820 385 956 417 tamen
987 387 1151 426 nostrae,
1174 392 1269 432 quae
1300 392 1384 417 sese
1413 376 1455 417 in
1486 379 1647 434 agendo

255 446 464 496 admiscet,
487 445 604 501 quasi
634 443 877 500 contagione
896 444 1041 485 vitium
1073 444 1335 500 concipiunt;
1371 445 1484 485 haud
1515 461 1644 497 secus,

253 530 300 555 ac
320 513 433 554 rivus
453 513 605 568 alioqui
626 527 758 568 purus
779 521 818 552 et
839 511 1050 568 limpidus,
1073 527 1204 563 coeno,
1222 512 1418 568 limoque,
1440 528 1515 603 per
1530 515 1645 570 quod

254 581 361 632 fluit,
380 581 573 622 turbatur
593 591 719 635 atque
739 579 930 620 inficitur.

313 650 376 690 M.
410 648 630 698 Quomodo
651 663 750 703 ergo
770 663 818 687 ea
839 648 932 688 Deo
952 646 1112 703 placere
1133 647 1340 689 affirmas?

311 719 366 758 A.
401 716 526 757 Fides
551 724 659 766 qest,
682 731 777 771 quae
799 715 877 756 Dei
909 715 1085 771 gratiam
1115 716 1309 772 operibus
1338 715 1487 757 nostris
1515 716 1647 757 conci-

252 784 338 835 liat,
355 784 456 825 dum
478 799 554 840 pro
574 794 685 825 certo
705 784 844 834 habet,
863 799 956 824 eum
980 799 1141 825 summo
1157 784 1371 825 nobiscum
1393 793 1406 812 ¹
1413 784 1510 840 jure
1530 794 1644 825 actu-

252 868 345 893 rum
376 867 458 892 non
487 867 586 903 esse,
607 867 742 908 neque
762 852 871 893 facta
891 862 1031 893 nostra
1051 852 1169 907 quasi
1196 853 1250 893 ad
1280 852 1456 893 calculos
1476 862 1641 893 vocatu-

251 936 359 971 rum,
382 929 455 961 aut
475 930 718 961 exacturum
738 920 791 960 ad
812 919 1181 976 perpendiculum3
1213 920 1257 960 id
1278 930 1352 970 est,
1373 920 1413 960 in
1435 920 1514 961 illis
1534 920 1641 962 aesti-

252 988 412 1029 mandis
432 987 796 1045 expendendisque
826 1003 908 1028 non
938 987 1220 1028 adhibiturum
1255 987 1535 1036 severitatem;
1569 988 1640 1029 sed

252 1056 362 1097 omni
378 1071 520 1097 eorum
537 1055 757 1097 vitiositate
774 1055 942 1096 Christo
962 1056 1134 1111 ejusque
1154 1055 1308 1096 meritis
1329 1055 1495 1097 remissa
1515 1065 1640 1112 atque

251 1125 495 1174 condonata,
516 1140 592 1180 pro
612 1124 792 1180 perfecte
813 1123 1011 1164 absolutis
1031 1139 1116 1164 esse
1136 1123 1393 1164 habiturum.

309 1194 373 1233 M.
408 1192 597 1233 Persistis
627 1207 725 1248 ergo
755 1191 796 1232 in
828 1208 890 1241 eo,
923 1207 1004 1233 non
1036 1207 1155 1248 posse
1187 1207 1261 1231 nos
1293 1206 1466 1247 operum
1494 1191 1640 1232 merito

250 1260 459 1317 consequi,
481 1269 528 1301 ut
548 1259 653 1316 justi
672 1274 808 1300 coram
831 1260 924 1300 Deo
944 1259 1184 1309 habeamur,
1208 1274 1339 1314 quum
1363 1258 1542 1300 actiones
1561 1259 1639 1300 hu-

249 1344 390 1369 manas
410 1328 474 1368 vel
494 1326 808 1384 perfectissimas
828 1327 947 1368 venia
967 1326 1152 1382 indigere
1173 1326 1390 1367 existimes.

305 1397 361 1436 A.
394 1396 511 1435 Deus
531 1394 617 1450 ipse
637 1393 680 1434 in
700 1394 826 1435 verbo
847 1409 921 1435 suo
942 1394 999 1435 ita
1019 1393 1188 1441 statuit3
1219 1395 1392 1450 ejusque
1413 1409 1523 1435 sacer
1546 1394 1637 1450 Spi-

246 1464 352 1505 ritus
381 1479 455 1504 nos
483 1462 675 1511 instituit,
698 1471 746 1502 ut
775 1477 1004 1518 precemur,
1029 1477 1079 1502 ne
1100 1461 1167 1501 Sin
1183 1461 1388 1517 judicium
1411 1477 1484 1502 nos
1504 1462 1636 1502 addu-

247 1544 323 1572 cat.
370 1533 477 1572 Nam
501 1546 631 1587 quum
648 1530 811 1587 justitia
830 1531 924 1571 Deo
938 1530 1071 1586 judici
1092 1529 1318 1586 probanda,
1341 1531 1520 1586 perfecte
1541 1530 1636 1571 tab-

247 1600 380 1641 soluta
400 1609 525 1655 atque
551 1598 715 1654 expleta
744 1599 935 1639 omnibus
966 1597 1049 1639 suis
1079 1598 1266 1654 partibus
1287 1607 1327 1639 et
1348 1598 1529 1639 numeris
1549 1614 1635 1639 esse

246 1667 407 1718 debeat,
429 1677 477 1708 ut
497 1683 592 1722 quae
613 1666 666 1706 ad
696 1666 934 1707 acerrimam
955 1665 1121 1707 Divinae
1153 1665 1254 1722 legis
1280 1666 1510 1722 judiciique
1540 1681 1634 1707 nor-

246 1751 369 1786 mam,
392 1744 432 1776 et
453 1735 570 1791 quasi
591 1735 644 1775 ad
663 1734 1004 1790 perpendiculum
1027 1733 1242 1789 dirigenda
1262 1734 1382 1775 simul
1403 1744 1528 1790 atque
1548 1734 1633 1775 exi-

243 1804 379 1860 genda
409 1803 486 1851 sit,
519 1818 644 1859 opera
662 1818 760 1843 vero
790 1811 930 1843 nostra
958 1801 1023 1842 vel
1045 1802 1248 1857 uoptima,
1271 1818 1403 1858 quum
1434 1818 1458 1843 a
1487 1801 1633 1843 Divini

236 1872 344 1928 juris
365 1871 622 1929 justitiaeque
642 1870 799 1926 regula,
821 1879 842 1898 x
856 1879 982 1926 atque
1001 1869 1241 1926 praescripto
1261 1870 1495 1926 longissime
1515 1870 1631 1911 aber-

240 1948 346 1990 rent,
377 1949 397 1978 y
410 1949 535 1995 atque
564 1938 713 1988 absint,
744 1938 969 1993 multisque
998 1937 1130 1978 modis
1168 1947 1208 1979 et
1242 1938 1449 1994 culpanda
1479 1938 1557 1978 sint
1588 1946 1629 1977 et

240 2007 488 2058 damnanda,
509 2006 704 2063 operibus
728 2006 945 2063 justificari
974 2020 1109 2046 coram
1133 2007 1226 2047 Deo
1247 2006 1361 2047 nulla
1379 2006 1546 2047 omnino
1566 2021 1629 2047 ra-

240 2075 349 2116 tione
370 2090 600 2131 possumus.

297 2145 360 2184 M.
394 2145 549 2184 Annon
572 2143 660 2184 haec
680 2143 866 2184 doctrina
885 2143 1100 2184 hominum
1121 2142 1278 2184 animos
1306 2144 1358 2184 ab
1379 2143 1519 2184 officiis
1541 2143 1627 2199 pie-

239 2210 332 2252 tatis
352 2211 535 2262 abducit,
553 2220 593 2251 et
612 2211 663 2251 ad
685 2211 794 2252 bona
810 2226 936 2266 opera
956 2210 1161 2267 segniores
1181 2220 1305 2267 atque
1327 2211 1525 2252 tardiores
1541 2210 1624 2252 effi-

238 2281 306 2331 cit,
321 2291 394 2322 aut
410 2281 545 2321 minus
556 2290 664 2321 certe
679 2280 830 2321 alacres
846 2288 1141 2335 promptosque
1156 2280 1208 2320 ad
1226 2280 1294 2336 pia
1310 2280 1445 2321 studia
1461 2280 1623 2322 reddit?

295 2351 348 2390 A.
395 2350 698 2405 Nequaquam,
744 2363 878 2403 neque
913 2347 1019 2388 enim
1052 2348 1225 2403 proinde
1258 2348 1418 2389 inutilia
1448 2364 1546 2398 esse,
1583 2358 1624 2389 et

234 2417 401 2468 frustra,
422 2425 494 2457 aut
516 2416 600 2457 sine
621 2431 743 2458 causa
763 2416 849 2456 fieri
871 2416 978 2457 bona
998 2431 1123 2472 opera
1142 2416 1339 2466 dicemus,
1361 2417 1474 2472 quod
1499 2417 1621 2473 justi-

276 2558 289 2571 0
306 2551 384 2582 Luc.
401 2552 476 2594 xvij.
496 2562 542 2583 10.
565 2552 654 2583 xviii.
670 2562 721 2590 11,
742 2561 793 2590 12,
814 2561 862 2590 14.
959 2558 975 2578 Ρ
991 2552 1077 2583 Esai.
1094 2553 1171 2583 lxiv.
1185 2551 1214 2582 6.
1239 2553 1333 2583 Rom.
1350 2552 1402 2583 vii.
1422 2561 1473 2590 14,
1495 2561 1547 2591 15,
1568 2559 1618 2592 17.

234 2605 304 2635 Gal.
320 2615 349 2635 v.
370 2612 418 2645 17.
519 2612 532 2631 '³
550 2606 645 2636 Rom.
661 2606 706 2636 ix.
720 2616 775 2645 31,
792 2615 844 2645 32.
867 2606 938 2636 Gal.
958 2616 985 2635 v.
1000 2604 1030 2635 6.
1054 2605 1136 2636 Heb.
1154 2606 1196 2636 xi.
1215 2605 1245 2636 6.
1348 2612 1360 2626 ¹·
1375 2606 1460 2636 Psal.
1474 2616 1568 2636 cxxx.
1585 2616 1617 2644 3.

232 2659 330 2689 cxliii.
350 2668 378 2689 2.
465 2665 475 2678 ⁵
492 2660 568 2690 Luc.
586 2659 676 2690 xviii.
697 2670 747 2698 11,
769 2670 819 2697 12,
842 2668 890 2697 14.
915 2661 1009 2690 Rom.
1028 2660 1069 2689 iv.
1090 2669 1119 2690 2.
1144 2660 1215 2690 Gal.
1232 2659 1330 2690 ii.16.
1431 2662 1440 2678 ῑ
1456 2660 1551 2690 Rom.
1569 2660 1614 2690 iii.

235 2721 284 2742 20.
403 2719 416 2732 ¹¹
433 2713 515 2742 l‘sal.
531 2713 631 2743 cxliii.
652 2722 680 2743 2.
800 2720 814 2733 Χ
829 2714 902 2744 «Ιοὺ.
920 2714 963 2744 iv.
981 2714 1030 2744 18.
1054 2725 1105 2744 xv.
1124 2722 1172 2751 14,
1193 2721 1242 2753 15,
1264 2713 1312 2744 16.
1336 2724 1410 2743 xxv.
1425 2721 1458 2750 4,
1476 2722 1506 2753 5.
1531 2714 1615 2745 Psal.

231 2776 325 2796 cxxx.
343 2776 372 2804 3.
461 2773 473 2792 y
490 2767 563 2796 nob.
581 2777 631 2796 xv.
652 2777 700 2803 14,
724 2776 772 2805 15,
794 2767 840 2798 16.
866 2777 940 2798 xxv.
958 2768 986 2797 6.
1014 2768 1100 2798 Esai.
1119 2767 1195 2798 lxiv.
1214 2766 1244 2798 6.
1273 2777 1282 2797 ι
1302 2767 1374 2798 Cor.
1392 2766 1431 2797 iv.
1446 2775 1477 2804 4.
