1799 3077
476 143 713 185 NOELLI
747 142 1215 185 CATECHISMUS.
1449 144 1533 186 249

141 257 235 298 dem
264 257 428 298 illorum
457 257 630 314 posteris
659 256 932 306 confirmavit,
953 271 1038 312 quo
1068 255 1223 312 majore
1253 256 1536 310 expectatione

140 324 251 366 illius
270 326 495 382 praestandi
517 324 702 365 homines
726 333 975 366 tenerentur.
1037 325 1147 365 Nam
1175 322 1332 363 foedere
1360 338 1435 378 per
1461 323 1537 363 cir-

142 394 432 434 cumcisionem
455 393 572 434 fcum
596 392 839 433 Abrahamo
859 402 899 433 et
920 393 954 448 ej
963 407 1010 433 us
1029 391 1182 432 semine
1208 389 1324 441 inito,
1348 390 1426 446 ipsi
1456 391 1538 446 pri-

143 477 273 512 mum,
295 477 391 502 mox
413 462 551 502 Isaaco
567 461 657 516 ejus
671 460 770 510 filio,
788 460 938 501 deinde
957 461 987 500 J
990 459 1118 501 acobo
1134 458 1273 515 nepoti
1290 458 1536 514 promissum

143 545 265 571 suum
286 529 555 571 confirmavit.
608 530 837 579 Postremo,
860 528 1091 570 clarissimis
1111 543 1185 584 per
1214 528 1365 568 Mosen
1386 535 1405 564 g
1419 536 1536 568 caete-

143 613 294 654 rosque
316 598 548 654 Prophetas
569 612 663 638 suos
682 596 810 637 'editis
836 596 1026 648 oraculis,
1046 594 1236 652 promissi
1264 594 1327 635 sui
1354 603 1540 636 constan-

144 664 245 706 tiam
264 666 435 707 retinuit
455 674 582 722 atque
603 664 790 706 servavit.

204 735 267 774 M.
301 733 415 784 Quid
443 742 582 775 autem
614 732 690 773 sibi
720 731 867 773 volunt
896 731 975 774 ista
1002 731 1143 782 verba,
1175 729 1385 787 Serpentis
1413 738 1539 786 caput

146 811 355 844 conterere
370 804 387 842 Ρ

202 872 261 911 A.
292 871 345 911 In
365 869 388 898 h
406 869 617 925 Serpentis
646 867 780 925 capite
802 883 1007 909 venenum
1037 868 1127 924 ejus
1156 867 1404 918 continetur,
1426 867 1541 908 vitae-

145 954 227 995 que
248 947 288 979 et
308 937 474 978 virtutis
495 952 656 978 summa
675 936 888 984 consistit3
921 946 1048 993 caput
1078 952 1177 992 ergo
1209 935 1420 992 Serpentis
1453 935 1541 975 uni-

146 1022 306 1047 versam
326 1006 410 1046 vim
439 1015 564 1062 atque
594 1005 836 1062 potentiam,
858 1015 899 1046 et
929 1020 1119 1061 regnum,
1141 1013 1229 1055 aut,
1251 1014 1299 1045 ut
1318 1003 1455 1045 verius
1484 1003 1542 1044 lo-

147 1090 267 1131 quar,
294 1074 555 1131 tyrannidem
575 1074 743 1125 diaboli,
761 1073 960 1131 serpentis
980 1073 1141 1130 antiqui
1162 1072 1382 1129 significat;
1416 1087 1542 1128 quam

148 1142 419 1193 iuniversam,
452 1144 577 1184 Jesus
610 1142 820 1194 Christus,
853 1158 991 1183 semen
1021 1142 1127 1183 illud
1157 1141 1353 1191 mulieris,
1386 1140 1426 1181 in
1458 1156 1543 1196 quo

148 1211 337 1267 promissi
366 1211 429 1252 sui
457 1226 658 1252 summam
690 1212 809 1252 Deus
839 1210 1075 1267 complevit,
1103 1210 1255 1251 virtute
1285 1209 1428 1250 mortis
1459 1225 1543 1250 suae

150 1280 325 1336 subegit.
388 1281 539 1336 Itaque
572 1279 781 1336 Serpentis
811 1289 937 1336 caput
967 1288 1194 1330 conterens,
1221 1293 1362 1319 omnes
1393 1277 1468 1319 sibi
1498 1278 1545 1318 fi-

151 1348 294 1389 dentes
314 1348 366 1389 ab
387 1348 476 1404 ejus
497 1348 716 1405 tyrannide
731 1349 773 1388 in
790 1347 1021 1389 libertatem
1040 1347 1277 1388 vindicavit.
1323 1348 1420 1387 Hoc
1436 1346 1543 1387 enim

152 1425 226 1466 est,
249 1416 363 1472 quod
385 1416 450 1457 hic
470 1416 511 1457 in
536 1416 735 1473 Symbolo
761 1416 1020 1472 profitemur,
1043 1431 1117 1456 nos
1144 1430 1195 1456 IN
1223 1417 1252 1456 J
1256 1429 1374 1456 EsUM
1406 1415 1546 1455 CHRI-

154 1498 272 1524 STUM
295 1485 386 1524 Dm
409 1498 570 1525 FILIUM
595 1498 827 1531 CREDERE3
860 1483 902 1524 id
924 1493 998 1533 est,
1016 1485 1164 1524 «Iesum
1183 1483 1396 1524 Christum
1413 1482 1544 1531 nobis,

153 1552 223 1607 qui
256 1552 466 1608 impietate
496 1562 537 1593 et
566 1552 715 1593 scelere
746 1551 929 1593 obstricti
961 1561 1086 1607 atque
1116 1551 1302 1607 obligati,
1334 1560 1373 1591 et
1405 1549 1547 1590 mortis

156 1629 321 1661 aeternae
342 1620 499 1676 laqueis
520 1620 667 1662 irretiti
688 1621 947 1669 tenebamur,
971 1628 1012 1660 et
1033 1619 1232 1676 serpentis
1254 1618 1422 1660 Diaboli
1437 1617 1550 1658 foeda

156 1688 352 1730 servitute
372 1689 678 1745 premebamur,
700 1688 901 1730 libertatis
921 1687 1124 1728 vindicem
1147 1703 1247 1739 esse,
1270 1697 1395 1743 atque
1418 1701 1550 1727 serva-

158 1768 302 1798 torem.

216 1825 279 1864 M.
307 1823 468 1865 Videris
498 1824 598 1865 mihi
627 1824 807 1874 interim,
829 1832 869 1865 et
899 1823 1037 1880 ipsum
1068 1839 1218 1865 nomen
1248 1825 1378 1875 JEsU,
1401 1822 1549 1864 illustri

157 1891 384 1933 admodum
406 1892 677 1949 explicatione
698 1908 783 1933 esse
804 1892 1130 1948 interpretatus?

216 1962 271 2001 A.
295 1960 512 2009 Profecto;
546 1976 682 2017 neque
702 1961 811 2002 enim
833 1960 947 2001 aliud
971 1960 1164 2001 Hebraeis
1181 1970 1242 2001 est
1261 1961 1291 2000 J
1295 1974 1410 2011 Esus,
1426 1974 1550 2015 quam

159 2031 289 2084 Σωτὴρ
313 2029 485 2080 Graecis,
509 2030 671 2071 Latinis
693 2031 947 2071 SERVATOR.
1005 2030 1113 2070 Nam
1135 2038 1183 2069 ut
1204 2028 1285 2068 vim
1309 2030 1398 2085 ejus
1420 2027 1557 2084 expri-

160 2106 288 2147 mant,
311 2097 424 2138 aliud
445 2097 576 2154 magis
596 2107 742 2154 aptum
760 2112 910 2138 nomen
932 2112 1014 2138 non
1035 2097 1199 2138 habent.
1245 2098 1313 2136 Ex
1336 2096 1398 2137 his
1416 2104 1555 2136 autem

162 2181 257 2221 quae
278 2165 459 2207 diximus
479 2167 702 2207 obscurum
719 2166 806 2222 jam
829 2181 914 2206 esse
939 2180 1020 2205 non
1049 2174 1198 2221 potest,
1221 2180 1349 2220 quare
1378 2164 1456 2204 hoc
1486 2178 1557 2204 no-

161 2249 255 2274 men
278 2234 328 2275 sit
348 2234 549 2290 adeptus;
583 2234 694 2276 solus
715 2234 823 2275 enim
843 2233 911 2274 ille
933 2249 1027 2274 suos
1048 2242 1202 2274 aeterno
1218 2232 1357 2282 exitio,
1377 2231 1444 2272 cui
1461 2231 1558 2272 alio-

164 2301 237 2357 qui
257 2312 373 2343 erant
395 2302 600 2353 destinati,
622 2302 775 2344 exemit
795 2312 836 2343 et
857 2301 1044 2342 servavit.
1106 2302 1167 2341 Et
1187 2300 1254 2341 alii
1284 2300 1453 2355 quidem
1481 2300 1558 2340 hoc

163 2385 314 2411 nomen
333 2380 603 2427 usurparunt,
625 2370 739 2427 quod
755 2370 997 2426 corporibus
1018 2369 1232 2410 hominum
1255 2368 1428 2409 salutem
1450 2377 1560 2409 attu-

164 2437 257 2478 lisse
279 2438 353 2478 visi
375 2438 475 2479 sint:
509 2440 572 2479 At
592 2438 654 2479 kJ
658 2454 751 2479 esus
774 2438 965 2479 Christus
985 2437 1140 2478 animas
1171 2435 1292 2477 simul
1319 2446 1360 2476 et
1389 2451 1560 2492 corpora

170 2505 246 2547 sibi
269 2506 487 2547 fidentium
510 2506 620 2547 solus
643 2523 805 2548 servare
825 2514 973 2562 potest.

210 2583 225 2608 s
239 2590 321 2619 Gen.
340 2589 418 2619 xvii.
439 2597 486 2620 10.
516 2589 595 2619 xxii.
617 2589 665 2620 18.
691 2589 780 2620 xxvi.
796 2598 827 2627 4.
852 2589 964 2619 xxviii.
986 2598 1034 2626 14.
1137 2595 1150 2614 8
1168 2589 1266 2619 Deut.
1281 2599 1313 2618 x.
1335 2595 1383 2628 15.
1402 2587 1512 2618 xxxiv.
1530 2596 1560 2625 4.

168 2645 251 2675 Psal.
269 2643 396 2673 lxxxix.
413 2652 446 2681 4,
463 2651 515 2682 35.
541 2644 628 2674 Esai.
645 2644 703 2674 liii.
721 2644 775 2673 liv.
791 2653 823 2681 3.
840 2644 905 2674 lxv.
920 2652 951 2683 9.
1086 2642 1100 2662 ¹¹
1114 2643 1198 2672 Psal.
1216 2642 1318 2673 lxxiv.
1340 2651 1387 2680 13.
1404 2642 1465 2672 cxl.
1483 2652 1515 2680 3,
1533 2650 1563 2679 4.

170 2698 294 2728 Eccles.
309 2707 340 2727 x.
360 2706 408 2726 11.
434 2698 545 2726 Amos.
562 2696 606 2726 ix.
622 2706 654 2735 3.
741 2696 844 2727 *Mat
861 2696 883 2727 i.
902 2706 952 2727 21.
977 2697 1051 2726 Act.
1068 2707 1099 2726 x.
1114 2696 1167 2735 38.
1193 2696 1315 2727 Coloss.
1328 2696 1348 2726 i.
1370 2705 1417 2734 13.
1444 2705 1459 2725 2
1478 2696 1564 2725 Tim.

171 2751 204 2781 ii.
224 2750 272 2781 26.
297 2751 379 2781 ch.
398 2751 432 2781 ii.
454 2760 505 2789 14,
527 2760 574 2791 15·
605 2761 615 2781 1
635 2751 732 2781 Joan.
750 2751 795 2781 iii.
812 2751 842 2780 8.
943 2750 957 2770 k
977 2751 1058 2781 Mat.
1075 2751 1094 2780 i.
1112 2760 1160 2781 21.
1187 2751 1309 2782 Activ.
1329 2760 1378 2787 10,
1398 2759 1444 2780 12.
1469 2750 1563 2782 Rom.

171 2815 200 2835 v.
219 2814 252 2845 9,
274 2814 321 2835 10.
347 2805 426 2835 Phil.
441 2805 474 2834 ii.
490 2815 527 2846 9.-
