1799 3077
117 2160 247 2191 Partitio
258 2168 323 2188 ver-

119 2204 152 2233 bi
167 2204 237 2233 Dei.

305 128 388 167 210
627 125 861 166 NOELLI
896 123 1360 166 CATECHISMUS.

305 255 392 281 ram
441 238 690 290 dederimus,
736 247 783 279 ut
831 237 1063 287 audiamus,
1108 236 1471 293 intelligamusque
1515 235 1687 277 verbum

306 308 389 349 Dei
406 310 423 348 ?

363 377 423 416 A.
455 374 656 420 Minime;
688 373 862 414 verbum
883 372 1085 428 siquidem
1106 371 1189 412 Dei
1215 386 1298 412 non
1325 370 1469 412 audire
1498 371 1623 412 modo
1653 380 1694 411 et

305 443 547 499 intelligere,
570 441 641 482 sed
661 450 674 469 s
691 441 810 481 firma
829 439 953 480 animi
974 439 1218 491 assensione,
1243 448 1286 480 ut
1308 439 1521 481 veritatem
1543 439 1625 480 Dei
1641 439 1695 480 de

306 511 409 552 coelo
429 510 653 566 delapsam,
675 507 880 564 amplecti,
904 516 945 548 et
971 523 1023 548 ex
1050 507 1187 548 animo
1216 523 1366 558 amare,
1389 513 1402 536 t
1416 508 1567 549 dociles
1596 508 1695 549 item

307 596 381 621 nos
410 579 541 620 eidem
572 578 772 634 praebere,
802 586 1042 632 mentesque
1072 584 1230 617 nostras
1259 576 1302 616 in
1331 577 1422 632 ejus
1451 576 1695 632 obsequium

308 650 485 689 formare
505 655 692 703 oportet3
728 655 774 685 ut
795 644 988 685 cordibus
1010 644 1131 685 semel
1152 644 1343 694 infixum,
1365 644 1468 685 altas
1488 644 1570 685 illic
1589 644 1699 685 radi-

308 732 374 758 ces
403 724 513 772 agat,
543 715 811 768 fructumque
840 711 921 768 piae
954 712 1046 753 vitae
1077 712 1131 753 ad
1160 713 1250 769 ejus
1278 712 1466 768 regulam
1495 711 1698 753 institutae

309 785 514 841 proferat3
549 791 596 823 ut
615 781 674 823 ita
693 781 734 822 in
757 781 931 822 salutem
956 781 1088 831 nobis,
1110 781 1229 822 sicuti
1259 781 1510 822 destinatum
1541 789 1617 831 est,
1638 795 1702 821 ce-

310 853 393 893 dat.
454 860 474 880 u
490 852 663 892 Constat
683 865 782 906 ergo
802 849 913 890 omni
944 848 1081 890 studio
1108 848 1349 890 enitendum
1379 865 1478 899 esse,
1502 858 1550 890 ut
1578 848 1620 889 in
1651 863 1702 889 eo

312 919 502 976 legendo,
527 916 781 967 meditando,
809 916 1030 967 audiendo,
1059 926 1149 956 tum
1178 916 1387 972 privatim,
1416 925 1506 958 tum
1536 915 1701 972 publice

312 987 600 1045 proficiamus;
633 986 832 1042 proficere
856 993 995 1025 autem
1022 984 1138 1025 nullo
1166 984 1292 1025 modo
1321 1000 1557 1041 possumus,
1580 984 1613 1025 si
1642 984 1703 1040 ig-

313 1064 412 1096 nota
431 1054 550 1096 nobis
570 1055 714 1110 lingua
733 1062 1001 1110 proponatur.

372 1125 439 1164 M.
471 1125 627 1164 Verum
647 1138 699 1163 an
727 1121 904 1177 legendo
931 1130 1094 1162 tantum
1126 1119 1207 1161 Dei
1227 1120 1416 1171 verbum,
1439 1119 1640 1175 illudque,
1662 1127 1705 1160 et

315 1192 405 1247 ejus
435 1190 622 1231 doctores
653 1189 796 1230 sedulo
826 1188 1048 1238 audiendo,
1070 1187 1124 1228 ad
1153 1202 1258 1239 eam,
1278 1203 1405 1244 quam
1436 1187 1551 1238 dicis,
1572 1187 1706 1243 perfe-

315 1259 491 1301 ctionem
512 1257 800 1314 perveniemus
815 1260 832 1297 ?

374 1329 432 1368 A.
464 1326 572 1376 Quia
591 1325 672 1366 Dei
693 1324 892 1381 sapientia
911 1332 985 1374 est,
1006 1323 1160 1365 frustra
1180 1323 1221 1363 in
1244 1338 1304 1374 ea,
1327 1323 1392 1364 vel
1419 1323 1618 1373 docenda,
1640 1322 1707 1362 vel

317 1394 525 1445 discenda,
546 1393 732 1434 homines
759 1407 924 1448 operam
952 1401 1167 1448 ponerent,
1190 1391 1266 1432 nisi
1286 1401 1307 1419 x
1323 1393 1442 1432 Deus
1472 1390 1708 1446 magisterio

323 1463 502 1520 Spiritus
523 1462 585 1502 sui
604 1461 729 1502 corda
749 1470 887 1501 nostra
904 1459 1118 1500 instituere
1141 1459 1406 1515 dignaretur;
1450 1458 1567 1500 sicuti
1600 1460 1710 1499 Pau-

321 1530 387 1571 lus
407 1530 540 1580 docet,
562 1539 583 1568 Y
596 1529 751 1569 frustra
770 1527 836 1568 vel
855 1526 1047 1583 plantari,
1069 1526 1133 1567 vel
1154 1526 1329 1582 irrigari,
1351 1525 1429 1566 nisi
1451 1527 1568 1566 Deus
1583 1525 1712 1565 incre-

322 1606 509 1638 mentum
531 1595 703 1637 dederit.
767 1596 918 1650 Itaque
939 1603 985 1635 ut
1014 1593 1254 1650 sapientiam
1286 1594 1381 1644 Dei,
1403 1593 1446 1634 in
1476 1593 1565 1649 ejus
1584 1592 1712 1633 verbo

323 1664 621 1714 absconditam,
652 1662 945 1718 intelligamus,
978 1671 995 1690 z
1013 1661 1173 1702 ardenti
1203 1661 1438 1717 precatione
1468 1677 1493 1702 a
1522 1662 1614 1701 Deo
1643 1675 1714 1716 pe-

325 1732 498 1774 tendum
524 1741 599 1781 est,
622 1740 669 1772 ut
701 1729 856 1786 Spiritu
889 1745 964 1770 suo
993 1738 1150 1769 mentes
1179 1738 1352 1780 nostras,
1374 1728 1552 1770 tenebris
1571 1727 1714 1783 aplus-

326 1815 452 1857 quam
475 1797 706 1841 Cimmeriis
736 1797 902 1847 offusas,
927 1796 1133 1844 illustrem
1175 1796 1286 1837 hunc
1317 1796 1425 1837 enim
1455 1796 1616 1837 coelitus
1646 1795 1716 1836 de-

327 1868 497 1909 missum
517 1866 777 1907 bDoctorem
809 1864 852 1905 in
881 1879 1045 1905 omnem
1075 1879 1150 1905 nos
1171 1864 1384 1905 veritatem
1414 1864 1715 1920 perducturum

330 1936 538 1978 Dominus
558 1943 653 1975 ante
673 1933 875 1989 promisit.

390 2005 454 2045 M.
484 2002 738 2044 Universum
759 2000 862 2041 illud
884 1999 965 2041 Dei
985 1999 1158 2041 verbum
1184 1999 1227 2040 in
1255 2014 1359 2055 quas
1389 1998 1597 2055 praecipue
1626 2011 1720 2053 par-

333 2081 394 2113 tes
413 2070 625 2112 distribuis
642 2073 659 2110 ?

392 2142 448 2181 A.
482 2140 535 2180 In
556 2140 729 2194 Legem,
752 2147 793 2179 et
813 2135 1100 2192 Evangelium.

393 2209 457 2249 M.
472 2209 597 2248 =-Haec
618 2207 704 2247 duo
724 2204 933 2262 quomodo
954 2203 1299 2259 distinguuntur?

394 2280 451 2320 A.
483 2279 590 2327 Lex,
621 2276 752 2317 officia
783 2284 871 2316 tum
902 2273 1066 2330 pietatis
1096 2288 1194 2329 erga
1224 2274 1378 2323 Deum,
1407 2272 1451 2313 id
1481 2282 1555 2322 est,
1576 2287 1721 2313 verum

337 2346 418 2388 Dei
457 2346 631 2395 cultum,
668 2353 758 2385 tum
792 2351 810 2371 c
826 2341 1035 2383 charitatis
1075 2356 1174 2397 erga
1212 2341 1464 2397 proximum,
1499 2339 1720 2388 describit3

381 2435 487 2466 sPsal.
505 2435 526 2465 i.
543 2443 572 2465 2.
589 2438 621 2464 et
636 2433 702 2463 xix.
718 2432 751 2470 8,
770 2442 802 2473 9,
823 2441 871 2462 ιο.
918 2432 1003 2461 Mar.
1021 2430 1086 2461 xvi.
1107 2429 1156 2460 16.
1211 2431 1308 2461 Joan.
1324 2441 1378 2461 xx.
1400 2436 1453 2469 27,
1472 2439 1525 2470 29,
1542 2439 1594 2468 31.
1651 2431 1724 2459 Act.

340 2489 408 2520 xiii.
425 2488 478 2526 48.
572 2490 581 2507 2
597 2486 796 2517 Deut.xxxi.
817 2494 863 2515 12.
912 2494 928 2515 2
946 2485 1018 2516 Par.
1033 2484 1143 2515 xxxiv.
1161 2494 1214 2523 3¹·
1260 2485 1338 2515 Luc.
1355 2484 1398 2514 xi.
1418 2483 1468 2514 28.
1512 2483 1609 2514 doan.
1625 2493 1654 2512 v.
1673 2489 1725 2519 24.

341 2543 454 2574 Jacob.
470 2543 492 2572 i.
510 2551 563 2579 21,
584 2551 636 2578 22,
655 2550 706 2580 23·
805 2547 820 2560 ⁸¹
837 2541 935 2571 Dcut.
953 2538 1031 2570 xvii.
1052 2547 1101 2578 19.
1138 2538 1207 2568 Jos.
1224 2537 1244 2567 i.
1262 2537 1293 2567 8.
1330 2537 1413 2567 Psal.
1428 2536 1450 2566 i.
1470 2545 1499 2566 2.
1594 2541 1609 2555 Χ
1625 2536 1724 2565 Dent.

342 2596 431 2626 xxix.
445 2604 476 2633 4.
520 2595 599 2625 Luc.
612 2595 698 2625 xxiv.
716 2602 768 2634 25,
784 2600 838 2634 27,
851 2601 905 2633 45,
921 2592 975 2631 46.
1021 2591 1091 2621 Act.
1107 2592 1173 2622 xvi.
1192 2600 1239 2629 14.
1286 2600 1302 2621 2
1319 2591 1392 2621 Cor.
1406 2590 1450 2620 iv.
1467 2588 1497 2619 6.
1583 2594 1597 2613 y
1615 2598 1626 2618 1
1648 2588 1724 2618 Cor.

343 2650 386 2680 iii.
407 2656 434 2688 7.
548 2654 560 2667 2
578 2649 660 2679 Psal.
676 2648 797 2678 lxxxvi.
816 2657 864 2678 11.
880 2651 913 2677 et
928 2647 1011 2677 cxix.
1028 2654 1084 2684 33,
1101 2653 1156 2684 34,
1173 2653 1226 2684 35.
1345 2650 1359 2664 ⁵
1376 2643 1460 2673 Mar.
1476 2642 1516 2673 vi.
1531 2649 1582 2681 52.
1627 2641 1725 2671 Joan.

343 2703 363 2733 i.
380 2710 410 2741 5.
460 2712 471 2732 1
489 2702 561 2731 Cor.
578 2701 611 2730 ii.
632 2711 679 2738 14·
792 2700 806 2721 ὓ
821 2702 916 2731 Joan.
936 2699 999 2730 xvi.
1021 2708 1069 2736 13·
1178 2704 1190 2717 ⁰
1206 2699 1288 2728 Mat.
1306 2697 1384 2728 xxii.
1401 2695 1453 2735 36.
1498 2695 1583 2725 Mar.
1600 2695 1656 2725 xii.
1672 2703 1726 2733 3¹-

350 2767 360 2786 ῐ
381 2758 475 2786 Joan.
492 2755 537 2784 iii.
557 2764 605 2792 23.
