1799 3077
439 105 672 146 NOELLI
704 103 1166 145 CATECHISMUS.
1414 107 1496 150 219

113 222 199 271 dat,
221 229 262 262 et
281 219 469 277 graviore
488 233 562 259 nos
580 217 801 258 formidine
827 232 853 258 a
879 216 1086 273 peccando
1116 224 1314 267 coerceat,
1336 231 1419 258 non
1449 219 1499 259 de

112 290 161 331 iis
180 289 304 331 modo
323 288 397 344 qui
416 286 494 343 ipsi
514 285 776 336 offenderint,
799 285 870 326 sed
891 294 932 326 et
952 285 1005 326 de
1025 299 1170 326 eorum
1190 293 1383 340 aquoque
1402 285 1502 326 libe-

113 358 169 399 ris
188 372 235 398 ac
255 354 429 413 posteris
448 368 593 410 poenas
613 369 655 395 se
677 363 913 394 sumturum
934 351 1130 394 minatur.

175 426 238 465 M.
274 425 427 465 Verum
448 438 532 478 quo
553 421 719 462 tandem
741 421 866 461 modo
885 420 991 462 istuc
1012 420 1095 461 Dei
1116 419 1290 476 justitiae
1321 428 1382 460 est
1411 435 1505 461 con-

117 500 374 541 sentaneum,
412 504 651 546 quenquam
690 497 861 545 propter
899 488 1067 530 alterius
1101 487 1326 529 admissum
1362 502 1506 543 poenas

117 561 216 602 dare
229 562 246 600 ?

174 630 230 670 A.
264 628 364 683 Ipsa
380 625 553 667 humani
578 625 739 682 generis
765 625 946 666 conditio
974 624 1081 666 hanc
1111 624 1379 681 quaestionem
1411 623 1507 665 satis

118 695 307 752 explicat.
370 694 565 735 bNatura
595 693 703 734 enim
734 693 859 734 exitio
889 692 1057 734 obnoxii
1088 707 1231 733 sumus
1260 707 1426 739 omnes;
1464 691 1507 732 in

119 779 204 820 qua
225 778 297 803 nos
317 761 551 803 conditione
572 760 604 801 si
625 762 742 801 Deus
769 760 988 816 relinquat,
1011 760 1110 801 nihil
1143 769 1205 801 est
1233 759 1348 815 quod
1378 760 1430 801 de
1459 775 1508 801 eo

119 844 432 886 conqueramur.
480 829 540 869 Et
561 828 666 869 sicut
686 843 801 869 suam
823 844 921 884 erga
941 828 1030 884 pios
1049 828 1309 869 dilectionem
1330 836 1371 868 et
1392 827 1509 868 mise-

119 898 352 948 ricordiam,
375 912 518 938 eorum
539 897 821 953 posteritatem
841 905 858 925 <³
873 897 1042 948 tuendo,
1061 896 1338 951 fovendoque,
1360 905 1399 937 et
1431 895 1509 936 illis

123 966 296 1007 salutem
312 980 438 1021 quam
454 981 536 1006 non
553 965 698 1006 debuit
713 964 1000 1021 impertiendo,
1019 965 1291 1011 demonstran
1322 963 1379 1004 ita
1394 979 1508 1004 suam

122 1033 165 1074 in
200 1033 346 1089 impios
375 1033 614 1084 vindictam,
646 1033 830 1090 ipsorum
860 1033 996 1074 dfilios
1026 1033 1103 1074 hac
1132 1032 1512 1088 beneficentia-pri-

122 1102 273 1152 vando,
296 1102 539 1158 exequitur3
575 1117 708 1158 neque
729 1110 866 1143 tamen
885 1101 1037 1158 injuria
1055 1100 1218 1142 interim
1240 1099 1325 1141 ulla
1345 1116 1413 1141 eos
1428 1100 1512 1140 affi-

122 1170 192 1220 cit,
212 1170 326 1226 quod
345 1170 519 1226 gratiam
541 1185 667 1226 quam
687 1170 766 1211 illis
786 1179 803 1198 θ
819 1185 902 1211 non
923 1169 1082 1220 debuit,
1099 1184 1182 1210 non
1199 1168 1250 1210 sit
1264 1168 1511 1225 impertitus,

125 1238 194 1279 sed
217 1238 359 1294 quales
378 1238 548 1289 invenit,
570 1237 671 1279 tales
690 1238 856 1295 ingenio
876 1248 1119 1295 naturaeque
1141 1253 1226 1279 suae
1245 1236 1451 1293 relinquit.

185 1307 253 1347 M.
285 1308 420 1363 Perge
440 1307 493 1348 ad
514 1316 672 1348 caetera.

184 1376 241 1415 A.
274 1376 340 1416 Ne
361 1375 455 1416 solis
475 1391 549 1416 nos
575 1374 696 1415 minis
728 1390 875 1431 urgere
896 1374 1100 1425 videatur,
1126 1374 1215 1430 jam
1246 1373 1432 1429 sequitur
1461 1373 1519 1414 al-

129 1452 216 1484 tera
244 1458 353 1499 pars,
381 1459 465 1499 qua
495 1445 613 1484 Deus
642 1442 820 1499 benigne
850 1453 891 1484 et
919 1442 1142 1483 liberaliter
1171 1441 1416 1498 pollicendo,
1444 1457 1518 1483 nos

129 1510 183 1551 ad
213 1510 457 1566 obsequium
488 1510 636 1551 invitat
665 1519 790 1566 atque
819 1510 993 1551 allectat.
1054 1508 1314 1551 fClementia
1339 1508 1446 1549 enim
1478 1524 1519 1549 se

131 1593 291 1618 summa
312 1593 485 1618 usurum
508 1577 725 1634 promittit,
749 1586 838 1619 tum
860 1593 958 1634 erga
981 1593 1123 1619 omnes
1150 1577 1223 1633 qui
1254 1592 1295 1617 se
1324 1576 1520 1632 diligunt,

131 1645 298 1700 suisque
333 1645 537 1687 mandatis
572 1646 873 1701 obtemperant,
906 1655 993 1687 tum
1036 1660 1136 1701 erga
1173 1644 1359 1700 ipsorum
1398 1644 1520 1685 etiam

133 1724 333 1770 posteros.

191 1782 255 1821 M.
289 1782 383 1831 Qua
402 1780 560 1821 ratione
580 1780 685 1822 istuc
707 1795 875 1837 aequum
896 1796 982 1821 esse
1002 1780 1078 1821 tibi
1098 1779 1295 1821 videtur?

191 1850 247 1890 A.
280 1848 406 1890 Ratio
433 1848 602 1904 quidem
628 1848 768 1905 aliqua
793 1857 854 1890 est
883 1857 1054 1904 propter
1083 1848 1194 1905 piam
1224 1848 1523 1898 educationem,

133 1916 208 1957 gin
228 1932 312 1972 qua
340 1932 436 1957 suos
465 1917 614 1958 liberos
644 1916 702 1973 pii
731 1926 923 1973 parentes
954 1916 1009 1958 sic
1038 1917 1277 1968 instituunt,
1300 1925 1347 1958 ut
1376 1916 1454 1958 illis
1483 1917 1526 1957 in

135 2000 232 2026 vero
256 1984 427 2026 Domini
455 1985 601 2026 timore
630 1994 671 2026 et
701 1984 918 2026 dilectione
948 1985 1066 2041 quasi
1096 1984 1281 2026 haeredes
1311 1985 1527 2026 succedere

136 2052 302 2093 soleant.
366 2052 448 2093 Sed
478 2061 519 2093 et
548 2053 569 2081 ἲ]
588 2062 738 2094 natura
767 2052 856 2108 ipsa
886 2067 960 2093 nos
989 2052 1043 2093 ad
1072 2052 1399 2093 benevolentiam
1430 2068 1528 2109 erga

136 2120 362 2162 amicorum
382 2120 532 2161 liberos
551 2120 724 2169 invitat3
763 2120 988 2162 certissima
1017 2129 1155 2161 tamen
1184 2120 1288 2161 ratio
1319 2129 1393 2170 est,
1414 2120 1529 2175 quod

139 2190 257 2230 Deus
276 2189 334 2229 ita
352 2189 570 2245 promittit,
592 2189 688 2246 iqui
710 2204 844 2245 neque
864 2204 889 2229 a
904 2187 1069 2244 justitia
1096 2188 1300 2239 aberrare,
1320 2203 1455 2243 neque
1484 2188 1530 2228 fi-

141 2257 235 2298 dem
256 2257 396 2297 fallere
417 2264 553 2312 potest
576 2272 772 2313 unquam.

199 2326 262 2365 M.
295 2324 432 2380 Atqui
452 2324 565 2366 istud
585 2334 775 2366 constans
796 2334 837 2365 et
857 2334 1107 2380 perpetuum
1126 2339 1212 2364 esse
1233 2338 1315 2364 non
1336 2332 1527 2378 apparet3

187 2434 201 2448 ³
218 2428 323 2458 Exod.
347 2429 459 2459 xxxiv.
486 2436 514 2469 7.
576 2430 674 2460 Dent.
700 2440 730 2460 v.
753 2439 787 2470 9,
815 2439 864 2459 10.
888 2434 919 2459 et
949 2429 1005 2459 vii.
1030 2437 1063 2468 9,
1092 2438 1140 2458 ιο.
1202 2428 1288 2458 Esai.
1312 2428 1376 2458 xiv.
1402 2436 1454 2466 20,
1481 2437 1531 2458 21.

143 2480 158 2501 ¹>
174 2481 260 2512 Esai.
278 2482 299 2511 i.
316 2490 349 2520 4,
368 2482 427 2512 διο.
451 2481 546 2512 Rom.
563 2482 610 2512 iii.
626 2493 659 2523 9,
680 2493 729 2514 10.
752 2483 832 2522 Eph.
847 2483 880 2512 ii.
899 2492 931 2521 3.
1003 2488 1016 2502 ⁰
1030 2483 1126 2512 Deut.
1141 2481 1184 2512 iv.
1198 2488 1250 2521 37.
1274 2481 1392 2512 Psalm.
1411 2482 1532 2512 xxvai.

145 2542 197 2575 25.
221 2540 253 2566 et
268 2536 348 2565 lxix.
362 2534 416 2573 36.
433 2540 466 2565 et
481 2536 557 2566 cxii.
575 2545 603 2566 2.
690 2535 704 2557 ἃ
719 2537 793 2566 Esa.
811 2536 875 2565 xiv.
894 2545 946 2565 20.
963 2540 994 2565 et
1009 2535 1112 2565 xlviii.
1130 2534 1180 2565 18.
1275 2541 1287 2555 ²
1303 2536 1406 2565 Exod.
1420 2535 1534 2565 xxxiii.

150 2598 200 2629 19.
224 2589 321 2619 Rom.
338 2589 381 2618 ix.
399 2596 449 2625 14.
464 2593 496 2618 et
509 2589 552 2618 xi.
569 2595 625 2628 35.
781 2587 793 2607 s
807 2589 887 2618 Gen.
906 2588 986 2618 xxii.
1007 2595 1054 2627 17.
1071 2593 1104 2618 et
1116 2588 1203 2618 xxvi.
1217 2596 1249 2625 4.
1274 2589 1373 2619 Deut.
1389 2599 1419 2618 v.
1440 2598 1489 2619 10.
1502 2594 1534 2619 et

146 2642 201 2672 vii.
215 2652 246 2682 9.
376 2648 391 2668 g
405 2642 486 2672 Gen.
504 2641 591 2672 xviii.
613 2651 662 2681 19.
706 2642 802 2672 Dent.
817 2643 858 2672 iv.
874 2651 907 2683 9,
927 2651 975 2672 10.
990 2647 1023 2672 et
1036 2642 1136 2672 xxxii.
1151 2641 1204 2679 46.
1248 2642 1332 2673 Psal.
1345 2642 1467 2673 cxxxii.
1484 2652 1495 2672 1
1507 2652 1533 2672 1.

146 2695 160 2716 ¹²
178 2703 196 2732 3
209 2695 289 2735 Reg.
304 2695 348 2726 xi.
370 2704 418 2725 12.
436 2699 469 2726 et
484 2705 536 2725 xv.
549 2704 580 2733 4.
604 2703 625 2733 4
642 2696 722 2735 Reg.
740 2695 807 2726 viii.
826 2705 874 2736 ¹9·
990 2694 996 2715 ί
1013 2696 1111 2726 Deut.
1128 2695 1228 2726 xxxii.
1243 2704 1274 2734 4.
1301 2705 1317 2727 2
1334 2696 1405 2727 Par.
1422 2696 1484 2727 xix.
1505 2702 1533 2734 7.

146 2750 213 2779 δεῖ.
231 2749 265 2779 ii.
284 2756 313 2789 5.
339 2750 432 2779 Rom.
450 2749 491 2779 ix.
515 2757 562 2786 14.
580 2753 612 2779 et
624 2748 665 2779 iv.
683 2756 732 2779 20.
762 2759 772 2779 1
793 2749 867 2779 Cor.
883 2749 904 2779 i.
921 2759 950 2789 9.
979 2759 993 2780 z
1013 2750 1086 2781 Cor.
1100 2749 1120 2779 i.
1141 2749 1190 2780 18.
