1799 3077
64 321 136 351 Act.
154 322 233 352 xxvi.

63 598 251 630 Quadratus.

62 641 218 670 Justinus.

64 684 188 715 Melito.

64 727 185 756 'sertul-

65 770 187 808 aliique.

283 129 368 170 116
671 130 901 173 JUELLI
936 131 1274 174 APOLOGIA.

282 242 432 299 inquit,
453 242 608 299 optime
628 245 766 296 Feste,
787 260 869 286 non
889 245 1060 296 insanio,
1082 254 1130 287 ut
1160 255 1206 287 tu
1238 253 1375 302 putaS,
1398 245 1469 287 sed
1488 247 1671 289 veritatis

282 320 324 353 et
344 311 573 353 sobrietatis
593 313 719 353 verba
738 312 898 368 loquor.
959 315 1019 355 Et
1040 314 1264 355 Christiani
1284 321 1442 355 veteres
1470 328 1564 354 cum
1595 329 1672 369 pro

280 379 509 429 homicidis,
541 379 753 433 adulteris,
783 380 958 432 incestis,
990 397 1129 422 rerum
1164 382 1426 438 publicarum
1456 381 1673 438 perturba-

281 448 439 490 toribus
469 447 523 488 ad
552 448 755 504 populum
788 448 1118 501 traducerentur,
1147 459 1188 490 et
1215 450 1402 491 viderent
1431 449 1672 506 hujusmodi

280 516 633 557 criminationibus
667 516 708 556 in
744 515 920 557 dubium
951 517 1088 558 vocari
1121 533 1240 573 posse
1274 518 1513 574 religionem
1545 533 1671 573 quam

280 584 597 640 profitebantur,
628 583 806 624 maxime
834 599 946 634 vero,
979 584 1010 624 si
1047 593 1180 625 tacere
1209 584 1462 635 viderentur,
1494 595 1535 626 et
1569 601 1672 641 quo-

282 652 504 694 dammodo
524 651 678 692 crimen
699 667 934 708 agnoscere,
956 667 1008 692 ne
1029 668 1076 693 ea
1096 668 1160 694 res
1180 652 1400 709 Evangelii
1416 668 1583 694 cursum
1598 654 1674 694 im-

280 721 455 778 pediret,
486 720 725 761 habuerunt
760 720 978 771 orationes,
1011 721 1262 778 scripserunt
1297 721 1422 762 libros
1452 721 1671 778 supplices,

281 789 396 845 apud
415 789 683 845 imperatores
703 797 744 829 et
765 789 969 845 principes
990 790 1117 831 verba
1143 790 1344 840 fecerunt,
1368 798 1415 830 ut
1445 805 1530 830 sese
1560 805 1672 831 suos-

281 872 363 914 que
383 856 550 913 publice
570 856 853 898 defenderent.

339 927 428 967 Nos
451 942 560 977 vero,
581 941 676 966 cum
697 925 897 982 proximis
916 925 1003 967 istis
1022 925 1169 982 viginti
1189 926 1320 976 annis,
1344 934 1404 967 tot
1428 925 1555 966 millia
1580 940 1672 965 nos-

281 1004 440 1036 trorum
461 995 639 1035 fratrum
661 994 766 1035 inter
793 993 1131 1050 exquisitissimos
1157 994 1363 1035 cruciatus
1392 993 1671 1035 testimonium

280 1061 461 1102 dixerint
480 1062 657 1113 veritati,
680 1070 721 1103 et
743 1061 970 1117 Principes,
992 1076 1087 1102 cum
1114 1061 1276 1102 frenare
1305 1069 1504 1117 cuperent
1533 1062 1674 1102 Evan-

279 1129 449 1186 gelium,
480 1129 613 1171 multa
641 1129 849 1171 moliendo
879 1130 982 1170 nihil
1011 1130 1185 1186 egerint,
1217 1139 1259 1171 et
1288 1138 1400 1171 totus
1423 1130 1511 1186 jam
1541 1145 1672 1187 prope

281 1207 484 1239 terrarum
515 1199 626 1240 orbis
653 1199 707 1239 ad
736 1198 1018 1255 aspiciendum
1047 1198 1182 1239 lucem
1212 1197 1353 1239 oculos
1382 1197 1550 1254 incipiat
1578 1213 1674 1254 ape-

281 1266 376 1318 rire,
399 1267 495 1308 satis
518 1268 607 1324 jam
635 1267 787 1308 dictam
813 1276 854 1309 et
874 1267 1085 1308 defensam
1105 1276 1302 1323 putamus
1322 1282 1408 1308 esse
1423 1282 1585 1308 causam
1605 1282 1677 1308 no-

282 1344 433 1383 stra1n3
466 1350 646 1391 cumque
666 1351 731 1376 res
751 1336 840 1392 ipsa
860 1335 957 1377 satis
983 1350 1060 1392 pro
1088 1350 1129 1375 se
1158 1334 1369 1391 loquatur,
1390 1350 1471 1376 non
1494 1334 1674 1376 multum

281 1418 388 1459 opus
408 1418 493 1443 esse
514 1403 661 1444 verbis.
725 1404 835 1444 Nam
860 1403 892 1444 si
918 1402 1134 1459 pontifices
1161 1402 1239 1459 ipsi
1259 1402 1425 1453 vellent,
1448 1411 1521 1443 aut
1550 1403 1673 1443 etiam

282 1471 314 1512 si
335 1478 516 1527 possent,
539 1485 625 1511 rem
646 1471 777 1528 ipsam
799 1486 951 1522 secum,
974 1481 1016 1512 et
1035 1471 1152 1512 initia
1170 1486 1494 1527 progressusque
1514 1470 1676 1526 religio-

281 1539 344 1580 nis
370 1547 523 1580 nostrae
552 1539 746 1596 cogitare,
769 1539 1123 1596 quemadmodum
1154 1555 1229 1580 sua
1257 1554 1363 1596 pene
1393 1539 1532 1580 omnia
1561 1538 1677 1579 nullo

279 1607 530 1664 impellente,
553 1607 638 1648 sine
659 1608 745 1649 ulla
764 1608 947 1649 humana
965 1623 1044 1664 ope
1063 1607 1309 1655 ceciderint;
1343 1616 1482 1648 nostra
1500 1622 1599 1648 vero
1615 1606 1677 1647 in-

280 1675 375 1717 vitis
414 1676 467 1716 ab
504 1675 622 1717 initio
662 1675 994 1733 imperatoribus,
1027 1675 1166 1716 invitis
1202 1684 1264 1717 tot
1299 1676 1502 1732 Regibus,
1538 1675 1676 1716 invitis

282 1743 568 1795 Pontificibus,
588 1743 727 1785 invitis
750 1759 880 1800 prope
906 1743 1113 1795 omnibus,
1134 1743 1385 1785 incrementa
1413 1742 1611 1800 ceperint,
1633 1753 1674 1783 et

281 1811 479 1867 paulatim
516 1811 559 1852 in
595 1827 736 1853 omnes
769 1821 899 1853 terras
933 1820 1163 1868 propagata
1192 1811 1362 1862 fuerint,
1394 1821 1519 1867 atque
1549 1811 1673 1852 etiam

281 1888 490 1936 postremo
518 1879 560 1920 in
592 1881 760 1936 Regum
784 1880 874 1936 jam
904 1879 1019 1921 aulas
1048 1888 1089 1921 et
1118 1879 1271 1936 palatia
1299 1878 1575 1936 pervenerint,
1610 1878 1673 1919 vel

281 1947 371 1989 haec
390 1947 480 2004 ipsa
501 1948 596 1989 satis
615 1947 694 1989 illis
718 1963 869 2005 magna
886 1947 1038 1989 indicia
1057 1963 1143 1989 esse
1163 1956 1344 2004 possent,
1367 1949 1508 1988 Deum
1536 1947 1672 2003 ipsum

282 2031 360 2073 pro
379 2016 497 2058 nobis
517 2031 798 2073 propugnare,
820 2026 861 2058 et
880 2016 1065 2073 ipsorum
1086 2024 1257 2057 conatus
1277 2016 1329 2057 de
1350 2015 1449 2057 caelo
1469 2015 1616 2066 ridere,
1633 2025 1674 2056 et

283 2100 374 2126 eam
394 2100 481 2126 esse
500 2085 584 2126 vim
604 2085 803 2136 veritatis,
825 2100 952 2141 quam
971 2100 1046 2126 nec
1067 2085 1260 2126 humanae
1280 2084 1401 2135 vires,
1422 2099 1497 2125 nec
1526 2083 1676 2124 infero-

282 2168 377 2194 rum
397 2162 530 2210 portae
550 2162 725 2210 possunt
746 2153 986 2195 convellere.
1048 2154 1145 2194 Non
1175 2152 1284 2194 enim
1313 2152 1523 2193 insaniunt
1552 2151 1675 2192 hodie

283 2229 345 2262 tot
365 2221 550 2263 civitates
569 2221 724 2272 liberae,
746 2231 808 2264 tot
830 2223 982 2278 Reges,
1006 2230 1067 2263 tot
1088 2221 1316 2278 Principes,
1336 2221 1409 2278 qui
1429 2236 1454 2262 a
1474 2221 1569 2262 sede
1589 2222 1675 2261 Ro-

284 2305 407 2331 mana
421 2289 676 2341 defecerunt,
694 2298 735 2330 et
751 2305 792 2331 se
808 2290 947 2346 potius
962 2290 1015 2331 ad
1033 2290 1188 2331 Christi
1204 2289 1481 2346 Evangelium
1498 2289 1675 2345 adjunx-

285 2367 418 2399 erunt.

343 2426 492 2482 Neque
526 2434 664 2467 tamen
699 2427 731 2467 si
764 2425 1037 2468 Pontificibus
1066 2427 1198 2468 otium
1230 2427 1427 2468 hactenus
1456 2440 1672 2482 nunquam

284 2492 366 2533 fuit
385 2493 437 2534 de
456 2492 543 2534 istis
562 2494 686 2535 rebus
706 2502 861 2536 attente
882 2503 923 2535 et
943 2494 1047 2535 serio
1067 2494 1289 2551 cogitandi,
1307 2503 1381 2535 aut
1400 2493 1433 2535 si
1452 2508 1562 2534 nunc
1582 2493 1673 2534 aliae

284 2559 376 2601 illos
394 2576 505 2602 curae
523 2561 772 2618 impediunt,
794 2571 835 2603 et
855 2562 1013 2604 diverse
1033 2563 1283 2613 distrahunt,
1305 2572 1378 2604 aut
1399 2562 1430 2603 si
1444 2562 1522 2603 ista
1536 2561 1674 2602 studia

286 2627 474 2684 vulgaria
493 2638 534 2670 et
553 2629 659 2671 levia
677 2646 763 2672 esse
781 2638 946 2688 putant,
968 2640 1009 2672 et
1027 2631 1129 2672 nihil
1150 2631 1203 2672 ad
1227 2631 1471 2687 dignitatem
1502 2629 1674 2670 Pontifi-

285 2695 389 2738 ciam
420 2696 639 2752 pertinere,
670 2698 823 2740 idcirco
852 2714 976 2740 causa
1004 2708 1143 2741 nostra
1172 2700 1296 2741 debet
1324 2698 1451 2739 videri
1482 2697 1670 2739 deterior.

287 2766 382 2806 Aut
402 2763 434 2805 si
454 2763 512 2805 illi
533 2765 646 2820 quod
667 2765 823 2817 vident,
844 2766 984 2808 videre
1004 2767 1111 2808 forte
1131 2767 1293 2818 nolunt,
1314 2775 1355 2807 et
1370 2766 1584 2807 veritatem
1604 2781 1675 2822 ag-
