<?xml version="1.0" encoding="UTF-8"?>
<!DOCTYPE html PUBLIC "-//W3C//DTD XHTML 1.0 Transitional//EN"
    "http://www.w3.org/TR/xhtml1/DTD/xhtml1-transitional.dtd">
<html xmlns="http://www.w3.org/1999/xhtml" xml:lang="en" lang="en">
 <head>
  <title>
</title>
<meta http-equiv="Content-Type" content="text/html;charset=utf-8" />
  <meta name='ocr-system' content='tesseract 3.04.00' />
  <meta name='ocr-capabilities' content='ocr_page ocr_carea ocr_par ocr_line ocrx_word'/>
</head>
<body>
  <div class='ocr_page' id='page_1' title='image "./enchiridiontheol01rand_0302.png"; bbox 0 0 1799 3077; ppageno 0'>
   <div class='ocr_carea' id='block_1_1' title="bbox 280 109 1341 170">
    <p class='ocr_par' dir='ltr' id='par_1_1' title="bbox 280 109 1341 170">
     <span class='ocr_line' id='line_1_1' title="bbox 280 109 1341 170; baseline 0.004 -5"><span class='ocrx_word' id='word_1_1' title='bbox 280 127 366 166; x_wconf 72' lang='lat'>288</span> <span class='ocrx_word' id='word_1_2' title='bbox 608 109 840 168; x_wconf 68' lang='lat' dir='ltr'>Nossm</span> <span class='ocrx_word' id='word_1_3' title='bbox 873 127 1341 170; x_wconf 80' lang='lat' dir='ltr'><strong>CATECHISMUS.</strong></span> 
     </span>
    </p>
   </div>
   <div class='ocr_carea' id='block_1_2' title="bbox 250 239 1670 2398">
    <p class='ocr_par' dir='ltr' id='par_1_2' title="bbox 273 239 1670 770">
     <span class='ocr_line' id='line_1_2' title="bbox 337 239 1670 296; baseline 0.004 -16"><span class='ocrx_word' id='word_1_4' title='bbox 337 240 394 280; x_wconf 89' lang='lat' dir='ltr'>A.</span> <span class='ocrx_word' id='word_1_5' title='bbox 428 239 582 281; x_wconf 86' lang='lat' dir='ltr'>Verum</span> <span class='ocrx_word' id='word_1_6' title='bbox 603 239 646 281; x_wconf 90' lang='lat' dir='ltr'>id</span> <span class='ocrx_word' id='word_1_7' title='bbox 666 249 684 269; x_wconf 64' lang='grc' dir='ltr'>ἃ</span> <span class='ocrx_word' id='word_1_8' title='bbox 697 240 866 296; x_wconf 88' lang='lat' dir='ltr'>quidem</span> <span class='ocrx_word' id='word_1_9' title='bbox 888 249 973 288; x_wconf 88' lang='lat' dir='ltr'>est;</span> <span class='ocrx_word' id='word_1_10' title='bbox 1006 255 1213 296; x_wconf 87' lang='lat' dir='ltr'><strong>nusquam</strong></span> <span class='ocrx_word' id='word_1_11' title='bbox 1236 250 1371 282; x_wconf 87' lang='lat' dir='ltr'>tamen</span> <span class='ocrx_word' id='word_1_12' title='bbox 1386 241 1429 282; x_wconf 91' lang='lat' dir='ltr'>in</span> <span class='ocrx_word' id='word_1_13' title='bbox 1447 243 1572 284; x_wconf 89' lang='lat' dir='ltr'>verbo</span> <span class='ocrx_word' id='word_1_14' title='bbox 1588 244 1670 285; x_wconf 89' lang='lat' dir='ltr'>Dei</span> 
     </span>
     <span class='ocr_line' id='line_1_3' title="bbox 279 307 1667 368; baseline 0.004 -21"><span class='ocrx_word' id='word_1_15' title='bbox 279 315 465 363; x_wconf 85' lang='lat' dir='ltr'>apparet,</span> <span class='ocrx_word' id='word_1_16' title='bbox 483 308 623 348; x_wconf 89' lang='lat' dir='ltr'>Deum</span> <span class='ocrx_word' id='word_1_17' title='bbox 641 307 745 348; x_wconf 91' lang='lat' dir='ltr'>velle</span> <span class='ocrx_word' id='word_1_18' title='bbox 765 323 839 348; x_wconf 88' lang='lat' dir='ltr'>nos</span> <span class='ocrx_word' id='word_1_19' title='bbox 862 307 925 349; x_wconf 88' lang='lat' dir='ltr'>vel</span> <span class='ocrx_word' id='word_1_20' title='bbox 940 308 1129 364; x_wconf 82' lang='lat' dir='ltr'>Angelis,</span> <span class='ocrx_word' id='word_1_21' title='bbox 1148 308 1213 348; x_wconf 89' lang='lat' dir='ltr'>vel</span> <span class='ocrx_word' id='word_1_22' title='bbox 1234 308 1470 350; x_wconf 89' lang='lat' dir='ltr'>hominibus</span> <span class='ocrx_word' id='word_1_23' title='bbox 1488 310 1565 366; x_wconf 87' lang='lat' dir='ltr'>piis</span> <span class='ocrx_word' id='word_1_24' title='bbox 1579 313 1667 368; x_wconf 85' lang='lat' dir='ltr'>jam</span> 
     </span>
     <span class='ocr_line' id='line_1_4' title="bbox 278 374 1668 430; baseline 0.004 -16"><span class='ocrx_word' id='word_1_25' title='bbox 278 374 466 425; x_wconf 86' lang='lat' dir='ltr'><strong>mortuis,</strong></span> <span class='ocrx_word' id='word_1_26' title='bbox 495 390 634 430; x_wconf 83' lang='lat' dir='ltr'>preces</span> <span class='ocrx_word' id='word_1_27' title='bbox 666 374 873 415; x_wconf 88' lang='lat' dir='ltr'>adhibere.</span> <span class='ocrx_word' id='word_1_28' title='bbox 936 376 1078 425; x_wconf 83' lang='lat' dir='ltr'>Quum</span> <span class='ocrx_word' id='word_1_29' title='bbox 1112 391 1206 416; x_wconf 90' lang='lat' dir='ltr'>vero</span> <span class='ocrx_word' id='word_1_30' title='bbox 1239 375 1366 417; x_wconf 85' lang='lat' dir='ltr'>Fides</span> <span class='ocrx_word' id='word_1_31' title='bbox 1395 376 1555 418; x_wconf 90' lang='lat' dir='ltr'>bverbo</span> <span class='ocrx_word' id='word_1_32' title='bbox 1587 379 1668 419; x_wconf 89' lang='lat' dir='ltr'>Dei</span> 
     </span>
     <span class='ocr_line' id='line_1_5' title="bbox 276 441 1667 499; baseline 0.004 -17"><span class='ocrx_word' id='word_1_33' title='bbox 276 441 448 492; x_wconf 83' lang='lat' dir='ltr'><strong>nitatur,</strong></span> <span class='ocrx_word' id='word_1_34' title='bbox 471 452 512 483; x_wconf 91' lang='lat' dir='ltr'>et</span> <span class='ocrx_word' id='word_1_35' title='bbox 532 442 645 499; x_wconf 92' lang='lat' dir='ltr'>quod</span> <span class='ocrx_word' id='word_1_36' title='bbox 676 458 759 483; x_wconf 86' lang='lat' dir='ltr'>non</span> <span class='ocrx_word' id='word_1_37' title='bbox 791 453 852 484; x_wconf 88' lang='lat' dir='ltr'>est</span> <span class='ocrx_word' id='word_1_38' title='bbox 879 459 929 484; x_wconf 88' lang='lat' dir='ltr'>ex</span> <span class='ocrx_word' id='word_1_39' title='bbox 962 443 1067 485; x_wconf 90' lang='lat' dir='ltr'>Fide</span> <span class='ocrx_word' id='word_1_40' title='bbox 1090 452 1333 499; x_wconf 85' lang='lat' dir='ltr'>cpeccatum</span> <span class='ocrx_word' id='word_1_41' title='bbox 1366 444 1430 495; x_wconf 88' lang='lat' dir='ltr'>sit,</span> <span class='ocrx_word' id='word_1_42' title='bbox 1453 456 1561 486; x_wconf 88' lang='lat' dir='ltr'>recte</span> <span class='ocrx_word' id='word_1_43' title='bbox 1581 446 1667 488; x_wconf 84' lang='lat' dir='ltr'>dixi</span> 
     </span>
     <span class='ocr_line' id='line_1_6' title="bbox 276 510 1666 570; baseline 0.003 -19"><span class='ocrx_word' id='word_1_44' title='bbox 276 520 436 551; x_wconf 85' lang='lat' dir='ltr'>certum</span> <span class='ocrx_word' id='word_1_45' title='bbox 461 526 547 551; x_wconf 88' lang='lat' dir='ltr'>esse</span> <span class='ocrx_word' id='word_1_46' title='bbox 576 510 829 551; x_wconf 84' lang='lat' dir='ltr'>infidelitatis</span> <span class='ocrx_word' id='word_1_47' title='bbox 860 511 1038 567; x_wconf 88' lang='lat' dir='ltr'>signum,</span> <span class='ocrx_word' id='word_1_48' title='bbox 1061 511 1202 552; x_wconf 87' lang='lat' dir='ltr'>relicto</span> <span class='ocrx_word' id='word_1_49' title='bbox 1223 513 1329 562; x_wconf 89' lang='lat' dir='ltr'>Deo,</span> <span class='ocrx_word' id='word_1_50' title='bbox 1352 512 1371 541; x_wconf 80' lang='lat' dir='ltr'>d</span> <span class='ocrx_word' id='word_1_51' title='bbox 1385 514 1437 554; x_wconf 92' lang='lat' dir='ltr'>ad</span> <span class='ocrx_word' id='word_1_52' title='bbox 1459 530 1582 570; x_wconf 90' lang='lat' dir='ltr'>quem</span> <span class='ocrx_word' id='word_1_53' title='bbox 1605 531 1666 555; x_wconf 88' lang='lat' dir='ltr'>so-</span> 
     </span>
     <span class='ocr_line' id='line_1_7' title="bbox 274 578 1663 636; baseline 0.004 -18"><span class='ocrx_word' id='word_1_54' title='bbox 274 578 364 619; x_wconf 90' lang='lat' dir='ltr'>lum</span> <span class='ocrx_word' id='word_1_55' title='bbox 395 594 468 619; x_wconf 91' lang='lat' dir='ltr'>nos</span> <span class='ocrx_word' id='word_1_56' title='bbox 501 578 726 634; x_wconf 85' lang='lat' dir='ltr'>Scripturae</span> <span class='ocrx_word' id='word_1_57' title='bbox 758 578 990 629; x_wconf 89' lang='lat' dir='ltr'>remittunt,</span> <span class='ocrx_word' id='word_1_58' title='bbox 1016 578 1213 635; x_wconf 86' lang='lat' dir='ltr'>Angelos,</span> <span class='ocrx_word' id='word_1_59' title='bbox 1242 589 1315 620; x_wconf 91' lang='lat' dir='ltr'>aut</span> <span class='ocrx_word' id='word_1_60' title='bbox 1347 580 1435 636; x_wconf 89' lang='lat' dir='ltr'>pios</span> <span class='ocrx_word' id='word_1_61' title='bbox 1464 581 1663 634; x_wconf 88' lang='lat' dir='ltr'>homines,</span> 
     </span>
     <span class='ocr_line' id='line_1_8' title="bbox 273 645 1665 702; baseline 0.004 -16"><span class='ocrx_word' id='word_1_62' title='bbox 273 645 350 687; x_wconf 91' lang='lat' dir='ltr'>hac</span> <span class='ocrx_word' id='word_1_63' title='bbox 372 646 457 687; x_wconf 87' lang='lat' dir='ltr'>vita</span> <span class='ocrx_word' id='word_1_64' title='bbox 476 656 672 697; x_wconf 82' lang='lat' dir='ltr'>carentes,</span> <span class='ocrx_word' id='word_1_65' title='bbox 695 646 746 687; x_wconf 89' lang='lat' dir='ltr'>de</span> <span class='ocrx_word' id='word_1_66' title='bbox 768 646 920 702; x_wconf 86' lang='lat' dir='ltr'>quibus</span> <span class='ocrx_word' id='word_1_67' title='bbox 948 646 1186 687; x_wconf 83' lang='lat' dir='ltr'>invocandis</span> <span class='ocrx_word' id='word_1_68' title='bbox 1217 646 1377 688; x_wconf 89' lang='lat' dir='ltr'>nullum</span> <span class='ocrx_word' id='word_1_69' title='bbox 1409 648 1452 689; x_wconf 89' lang='lat' dir='ltr'>in</span> <span class='ocrx_word' id='word_1_70' title='bbox 1478 651 1600 691; x_wconf 86' lang='lat' dir='ltr'>sacris</span> <span class='ocrx_word' id='word_1_71' title='bbox 1620 651 1665 691; x_wconf 90' lang='lat' dir='ltr'>li-</span> 
     </span>
     <span class='ocr_line' id='line_1_9' title="bbox 274 714 1282 770; baseline 0.001 -16"><span class='ocrx_word' id='word_1_72' title='bbox 274 714 370 754; x_wconf 88' lang='lat' dir='ltr'>teris</span> <span class='ocrx_word' id='word_1_73' title='bbox 390 715 563 755; x_wconf 89' lang='lat' dir='ltr'>verbum</span> <span class='ocrx_word' id='word_1_74' title='bbox 584 722 709 764; x_wconf 82' lang='lat' dir='ltr'>extet,</span> <span class='ocrx_word' id='word_1_75' title='bbox 727 714 881 770; x_wconf 88' lang='lat' dir='ltr'>precari</span> <span class='ocrx_word' id='word_1_76' title='bbox 907 723 1032 770; x_wconf 87' lang='lat' dir='ltr'>atque</span> <span class='ocrx_word' id='word_1_77' title='bbox 1053 714 1282 770; x_wconf 88' lang='lat' dir='ltr'>implorare.</span> 
     </span>
    </p>

    <p class='ocr_par' dir='ltr' id='par_1_3' title="bbox 270 781 1662 973">
     <span class='ocr_line' id='line_1_10' title="bbox 331 781 1662 839; baseline 0.004 -18"><span class='ocrx_word' id='word_1_78' title='bbox 331 782 395 822; x_wconf 87' lang='lat' dir='ltr'>M.</span> <span class='ocrx_word' id='word_1_79' title='bbox 430 782 571 831; x_wconf 82' lang='lat' dir='ltr'>Quum</span> <span class='ocrx_word' id='word_1_80' title='bbox 593 790 729 822; x_wconf 89' lang='lat' dir='ltr'>tamen</span> <span class='ocrx_word' id='word_1_81' title='bbox 751 781 927 823; x_wconf 83' lang='lat' dir='ltr'>charitas</span> <span class='ocrx_word' id='word_1_82' title='bbox 956 781 1119 838; x_wconf 89' lang='lat' dir='ltr'>piorum</span> <span class='ocrx_word' id='word_1_83' title='bbox 1149 782 1295 822; x_wconf 88' lang='lat' dir='ltr'>animis</span> <span class='ocrx_word' id='word_1_84' title='bbox 1325 798 1539 839; x_wconf 88' lang='lat' dir='ltr'>nunquam</span> <span class='ocrx_word' id='word_1_85' title='bbox 1560 793 1577 813; x_wconf 86' lang='lat' dir='ltr'>e</span> <span class='ocrx_word' id='word_1_86' title='bbox 1593 801 1662 826; x_wconf 88' lang='lat' dir='ltr'>ex-</span> 
     </span>
     <span class='ocr_line' id='line_1_11' title="bbox 271 848 1661 901; baseline 0.003 -13"><span class='ocrx_word' id='word_1_87' title='bbox 271 848 395 898; x_wconf 89' lang='lat' dir='ltr'>cidat,</span> <span class='ocrx_word' id='word_1_88' title='bbox 417 848 539 889; x_wconf 89' lang='lat' dir='ltr'>etiam</span> <span class='ocrx_word' id='word_1_89' title='bbox 569 848 610 889; x_wconf 92' lang='lat' dir='ltr'>in</span> <span class='ocrx_word' id='word_1_90' title='bbox 641 849 744 890; x_wconf 89' lang='lat' dir='ltr'>coelo</span> <span class='ocrx_word' id='word_1_91' title='bbox 764 858 984 899; x_wconf 87' lang='lat' dir='ltr'>versantes,</span> <span class='ocrx_word' id='word_1_92' title='bbox 1008 849 1152 890; x_wconf 80' lang='lat' dir='ltr'>soliciti</span> <span class='ocrx_word' id='word_1_93' title='bbox 1183 858 1279 891; x_wconf 85' lang='lat' dir='ltr'>sunt</span> <span class='ocrx_word' id='word_1_94' title='bbox 1299 850 1351 891; x_wconf 90' lang='lat' dir='ltr'>de</span> <span class='ocrx_word' id='word_1_95' title='bbox 1381 851 1512 901; x_wconf 87' lang='lat' dir='ltr'>nobis,</span> <span class='ocrx_word' id='word_1_96' title='bbox 1535 860 1575 892; x_wconf 91' lang='lat' dir='ltr'>et</span> <span class='ocrx_word' id='word_1_97' title='bbox 1600 866 1661 892; x_wconf 86' lang='lat' dir='ltr'>sa-</span> 
     </span>
     <span class='ocr_line' id='line_1_12' title="bbox 270 914 833 973; baseline 0.002 -18"><span class='ocrx_word' id='word_1_98' title='bbox 270 914 397 956; x_wconf 83' lang='lat' dir='ltr'>lutem</span> <span class='ocrx_word' id='word_1_99' title='bbox 419 925 600 956; x_wconf 88' lang='lat' dir='ltr'>nostram</span> <span class='ocrx_word' id='word_1_100' title='bbox 621 925 833 973; x_wconf 83' lang='lat' dir='ltr'>expetunt.</span> 
     </span>
    </p>

    <p class='ocr_par' dir='ltr' id='par_1_4' title="bbox 266 983 1658 1245">
     <span class='ocr_line' id='line_1_13' title="bbox 326 983 1658 1041; baseline 0.003 -18"><span class='ocrx_word' id='word_1_101' title='bbox 326 985 382 1023; x_wconf 89' lang='lat' dir='ltr'>A.</span> <span class='ocrx_word' id='word_1_102' title='bbox 416 983 470 1024; x_wconf 92' lang='lat' dir='ltr'>Id</span> <span class='ocrx_word' id='word_1_103' title='bbox 490 999 588 1025; x_wconf 90' lang='lat' dir='ltr'>vero</span> <span class='ocrx_word' id='word_1_104' title='bbox 608 984 749 1039; x_wconf 86' lang='lat' dir='ltr'>negari</span> <span class='ocrx_word' id='word_1_105' title='bbox 770 1000 852 1024; x_wconf 92' lang='lat' dir='ltr'>non</span> <span class='ocrx_word' id='word_1_106' title='bbox 882 992 1042 1040; x_wconf 86' lang='lat' dir='ltr'>potest;</span> <span class='ocrx_word' id='word_1_107' title='bbox 1076 999 1157 1025; x_wconf 93' lang='lat' dir='ltr'>non</span> <span class='ocrx_word' id='word_1_108' title='bbox 1180 994 1314 1026; x_wconf 88' lang='lat' dir='ltr'>tamen</span> <span class='ocrx_word' id='word_1_109' title='bbox 1338 986 1523 1041; x_wconf 87' lang='lat' dir='ltr'>sequitur</span> <span class='ocrx_word' id='word_1_110' title='bbox 1543 1001 1568 1026; x_wconf 92' lang='lat' dir='ltr'>a</span> <span class='ocrx_word' id='word_1_111' title='bbox 1588 1002 1658 1027; x_wconf 93' lang='lat' dir='ltr'>no-</span> 
     </span>
     <span class='ocr_line' id='line_1_14' title="bbox 267 1050 1657 1110; baseline 0.002 -19"><span class='ocrx_word' id='word_1_112' title='bbox 267 1050 330 1091; x_wconf 90' lang='lat' dir='ltr'>bis</span> <span class='ocrx_word' id='word_1_113' title='bbox 352 1051 523 1107; x_wconf 87' lang='lat' dir='ltr'>proinde</span> <span class='ocrx_word' id='word_1_114' title='bbox 543 1068 628 1093; x_wconf 89' lang='lat' dir='ltr'>esse</span> <span class='ocrx_word' id='word_1_115' title='bbox 649 1052 921 1099; x_wconf 79' lang='lat' dir='ltr'>invocandos3</span> <span class='ocrx_word' id='word_1_116' title='bbox 947 1052 1023 1093; x_wconf 88' lang='lat' dir='ltr'>nisi</span> <span class='ocrx_word' id='word_1_117' title='bbox 1044 1061 1239 1109; x_wconf 85' lang='lat' dir='ltr'>putemus</span> <span class='ocrx_word' id='word_1_118' title='bbox 1254 1053 1494 1104; x_wconf 84' lang='lat' dir='ltr'>amicorum,</span> <span class='ocrx_word' id='word_1_119' title='bbox 1512 1069 1657 1110; x_wconf 88' lang='lat' dir='ltr'>quam-</span> 
     </span>
     <span class='ocr_line' id='line_1_15' title="bbox 268 1118 1655 1178; baseline 0.002 -19"><span class='ocrx_word' id='word_1_120' title='bbox 268 1118 330 1159; x_wconf 91' lang='lat' dir='ltr'>vis</span> <span class='ocrx_word' id='word_1_121' title='bbox 359 1119 480 1176; x_wconf 87' lang='lat' dir='ltr'>longe</span> <span class='ocrx_word' id='word_1_122' title='bbox 502 1120 748 1171; x_wconf 87' lang='lat' dir='ltr'>absentium,</span> <span class='ocrx_word' id='word_1_123' title='bbox 773 1130 932 1162; x_wconf 86' lang='lat' dir='ltr'>tantum</span> <span class='ocrx_word' id='word_1_124' title='bbox 956 1121 1069 1176; x_wconf 91' lang='lat' dir='ltr'>quod</span> <span class='ocrx_word' id='word_1_125' title='bbox 1100 1120 1217 1161; x_wconf 87' lang='lat' dir='ltr'>nobis</span> <span class='ocrx_word' id='word_1_126' title='bbox 1247 1121 1352 1162; x_wconf 88' lang='lat' dir='ltr'>bene</span> <span class='ocrx_word' id='word_1_127' title='bbox 1372 1121 1513 1172; x_wconf 85' lang='lat' dir='ltr'>velint,</span> <span class='ocrx_word' id='word_1_128' title='bbox 1534 1137 1655 1178; x_wconf 88' lang='lat' dir='ltr'>opem</span> 
     </span>
     <span class='ocr_line' id='line_1_16' title="bbox 266 1187 1058 1245; baseline 0.004 -19"><span class='ocrx_word' id='word_1_129' title='bbox 266 1193 394 1241; x_wconf 89' lang='lat' dir='ltr'>atque</span> <span class='ocrx_word' id='word_1_130' title='bbox 414 1187 614 1228; x_wconf 85' lang='lat' dir='ltr'>auxilium</span> <span class='ocrx_word' id='word_1_131' title='bbox 635 1204 720 1229; x_wconf 86' lang='lat' dir='ltr'>esse</span> <span class='ocrx_word' id='word_1_132' title='bbox 741 1188 1058 1245; x_wconf 88' lang='lat' dir='ltr'>implorandum.</span> 
     </span>
    </p>

    <p class='ocr_par' dir='ltr' id='par_1_5' title="bbox 264 1255 1654 1381">
     <span class='ocr_line' id='line_1_17' title="bbox 325 1255 1654 1313; baseline 0.001 -18"><span class='ocrx_word' id='word_1_133' title='bbox 325 1255 389 1295; x_wconf 91' lang='lat' dir='ltr'>M.</span> <span class='ocrx_word' id='word_1_134' title='bbox 423 1256 489 1296; x_wconf 88' lang='lat' dir='ltr'>Ab</span> <span class='ocrx_word' id='word_1_135' title='bbox 513 1256 748 1298; x_wconf 88' lang='lat' dir='ltr'>hominibus</span> <span class='ocrx_word' id='word_1_136' title='bbox 778 1266 915 1297; x_wconf 89' lang='lat' dir='ltr'>tamen</span> <span class='ocrx_word' id='word_1_137' title='bbox 948 1256 1064 1307; x_wconf 89' lang='lat' dir='ltr'>vivis,</span> <span class='ocrx_word' id='word_1_138' title='bbox 1097 1257 1453 1313; x_wconf 74' lang='lat' dir='ltr'>praesentibusque</span> <span class='ocrx_word' id='word_1_139' title='bbox 1484 1256 1654 1312; x_wconf 91' lang='lat' dir='ltr'>quibus-</span> 
     </span>
     <span class='ocr_line' id='line_1_18' title="bbox 264 1324 1089 1381; baseline 0.004 -19"><span class='ocrx_word' id='word_1_140' title='bbox 264 1337 361 1363; x_wconf 87' lang='lat' dir='ltr'>cum</span> <span class='ocrx_word' id='word_1_141' title='bbox 383 1339 606 1375; x_wconf 84' lang='lat' dir='ltr'>versamur,</span> <span class='ocrx_word' id='word_1_142' title='bbox 629 1340 749 1381; x_wconf 90' lang='lat' dir='ltr'>opem</span> <span class='ocrx_word' id='word_1_143' title='bbox 771 1340 878 1381; x_wconf 85' lang='lat' dir='ltr'>saepe</span> <span class='ocrx_word' id='word_1_144' title='bbox 899 1324 1089 1381; x_wconf 87' lang='lat' dir='ltr'>petimus.</span> 
     </span>
    </p>

    <p class='ocr_par' dir='ltr' id='par_1_6' title="bbox 251 1391 1652 2244">
     <span class='ocr_line' id='line_1_19' title="bbox 321 1391 1652 1448; baseline 0.002 -17"><span class='ocrx_word' id='word_1_145' title='bbox 321 1391 377 1431; x_wconf 91' lang='lat' dir='ltr'>A.</span> <span class='ocrx_word' id='word_1_146' title='bbox 411 1391 586 1440; x_wconf 88' lang='lat' dir='ltr'>Fateor;</span> <span class='ocrx_word' id='word_1_147' title='bbox 618 1392 804 1433; x_wconf 87' lang='lat' dir='ltr'>homines</span> <span class='ocrx_word' id='word_1_148' title='bbox 834 1392 956 1443; x_wconf 86' lang='lat' dir='ltr'>enim,</span> <span class='ocrx_word' id='word_1_149' title='bbox 988 1401 1034 1433; x_wconf 94' lang='lat' dir='ltr'>ut</span> <span class='ocrx_word' id='word_1_150' title='bbox 1054 1391 1235 1433; x_wconf 80' lang='lat' dir='ltr'>fmutuae</span> <span class='ocrx_word' id='word_1_151' title='bbox 1265 1392 1372 1433; x_wconf 88' lang='lat' dir='ltr'>inter</span> <span class='ocrx_word' id='word_1_152' title='bbox 1403 1407 1443 1433; x_wconf 88' lang='lat' dir='ltr'>se</span> <span class='ocrx_word' id='word_1_153' title='bbox 1472 1392 1562 1448; x_wconf 89' lang='lat' dir='ltr'>opis</span> <span class='ocrx_word' id='word_1_154' title='bbox 1592 1391 1652 1432; x_wconf 91' lang='lat' dir='ltr'>in-</span> 
     </span>
     <span class='ocr_line' id='line_1_20' title="bbox 262 1457 1651 1516; baseline 0.001 -18"><span class='ocrx_word' id='word_1_155' title='bbox 262 1457 420 1513; x_wconf 86' lang='lat' dir='ltr'>digent,</span> <span class='ocrx_word' id='word_1_156' title='bbox 449 1458 507 1499; x_wconf 88' lang='lat' dir='ltr'>ita</span> <span class='ocrx_word' id='word_1_157' title='bbox 537 1459 774 1501; x_wconf 83' lang='lat' dir='ltr'>facultatem</span> <span class='ocrx_word' id='word_1_158' title='bbox 808 1476 891 1501; x_wconf 88' lang='lat' dir='ltr'>sese</span> <span class='ocrx_word' id='word_1_159' title='bbox 922 1469 1070 1501; x_wconf 89' lang='lat' dir='ltr'>mutuo</span> <span class='ocrx_word' id='word_1_160' title='bbox 1094 1460 1271 1516; x_wconf 85' lang='lat' dir='ltr'>juvandi</span> <span class='ocrx_word' id='word_1_161' title='bbox 1302 1461 1420 1501; x_wconf 90' lang='lat' dir='ltr'>Deus</span> <span class='ocrx_word' id='word_1_162' title='bbox 1449 1459 1527 1500; x_wconf 90' lang='lat' dir='ltr'>illis</span> <span class='ocrx_word' id='word_1_163' title='bbox 1556 1475 1651 1500; x_wconf 88' lang='lat' dir='ltr'>con-</span> 
     </span>
     <span class='ocr_line' id='line_1_21' title="bbox 260 1526 1649 1584; baseline 0.001 -18"><span class='ocrx_word' id='word_1_164' title='bbox 260 1526 404 1574; x_wconf 85' lang='lat' dir='ltr'>cessit;</span> <span class='ocrx_word' id='word_1_165' title='bbox 450 1527 683 1583; x_wconf 87' lang='lat' dir='ltr'>diserteque</span> <span class='ocrx_word' id='word_1_166' title='bbox 713 1528 835 1569; x_wconf 89' lang='lat' dir='ltr'>etiam</span> <span class='ocrx_word' id='word_1_167' title='bbox 866 1528 1076 1584; x_wconf 84' lang='lat' dir='ltr'>praecepit,</span> <span class='ocrx_word' id='word_1_168' title='bbox 1109 1539 1156 1568; x_wconf 89' lang='lat' dir='ltr'>ut</span> <span class='ocrx_word' id='word_1_169' title='bbox 1195 1528 1372 1583; x_wconf 84' lang='lat' dir='ltr'>quisque</span> <span class='ocrx_word' id='word_1_170' title='bbox 1412 1527 1649 1583; x_wconf 88' lang='lat' dir='ltr'>proximum</span> 
     </span>
     <span class='ocr_line' id='line_1_22' title="bbox 261 1594 1647 1651; baseline 0.002 -18"><span class='ocrx_word' id='word_1_171' title='bbox 261 1607 397 1643; x_wconf 86' lang='lat' dir='ltr'>suum,</span> <span class='ocrx_word' id='word_1_172' title='bbox 435 1609 520 1649; x_wconf 94' lang='lat' dir='ltr'>quo</span> <span class='ocrx_word' id='word_1_173' title='bbox 549 1595 677 1651; x_wconf 87' lang='lat' dir='ltr'>possit</span> <span class='ocrx_word' id='word_1_174' title='bbox 707 1596 961 1651; x_wconf 87' lang='lat' dir='ltr'>adjumento,</span> <span class='ocrx_word' id='word_1_175' title='bbox 994 1595 1224 1636; x_wconf 77' lang='lat' dir='ltr'>gsublevet.</span> <span class='ocrx_word' id='word_1_176' title='bbox 1298 1594 1502 1636; x_wconf 86' lang='lat' dir='ltr'>Homines</span> <span class='ocrx_word' id='word_1_177' title='bbox 1535 1611 1647 1651; x_wconf 88' lang='lat' dir='ltr'>ergo,</span> 
     </span>
     <span class='ocr_line' id='line_1_23' title="bbox 260 1660 1649 1718; baseline 0.002 -18"><span class='ocrx_word' id='word_1_178' title='bbox 260 1670 308 1700; x_wconf 95' lang='lat' dir='ltr'>ut</span> <span class='ocrx_word' id='word_1_179' title='bbox 339 1660 618 1703; x_wconf 86' lang='lat' dir='ltr'>beneficentiae</span> <span class='ocrx_word' id='word_1_180' title='bbox 650 1662 815 1703; x_wconf 83' lang='lat' dir='ltr'>Divinae</span> <span class='ocrx_word' id='word_1_181' title='bbox 835 1662 1056 1712; x_wconf 87' lang='lat' dir='ltr'>ministros,</span> <span class='ocrx_word' id='word_1_182' title='bbox 1079 1678 1130 1703; x_wconf 80' lang='lat' dir='ltr'>ex</span> <span class='ocrx_word' id='word_1_183' title='bbox 1150 1662 1363 1703; x_wconf 87' lang='lat' dir='ltr'>voluntate</span> <span class='ocrx_word' id='word_1_184' title='bbox 1393 1662 1474 1703; x_wconf 89' lang='lat' dir='ltr'>Dei</span> <span class='ocrx_word' id='word_1_185' title='bbox 1504 1662 1649 1718; x_wconf 91' lang='lat' dir='ltr'>implo-</span> 
     </span>
     <span class='ocr_line' id='line_1_24' title="bbox 257 1729 1647 1787; baseline 0.003 -20"><span class='ocrx_word' id='word_1_186' title='bbox 257 1742 410 1779; x_wconf 86' lang='lat' dir='ltr'>ramus,</span> <span class='ocrx_word' id='word_1_187' title='bbox 443 1745 564 1785; x_wconf 91' lang='lat' dir='ltr'>opem</span> <span class='ocrx_word' id='word_1_188' title='bbox 598 1740 724 1786; x_wconf 88' lang='lat' dir='ltr'>atque</span> <span class='ocrx_word' id='word_1_189' title='bbox 754 1730 953 1771; x_wconf 84' lang='lat' dir='ltr'>auxilium</span> <span class='ocrx_word' id='word_1_190' title='bbox 985 1730 1038 1771; x_wconf 89' lang='lat' dir='ltr'>ab</span> <span class='ocrx_word' id='word_1_191' title='bbox 1069 1730 1166 1787; x_wconf 85' lang='lat' dir='ltr'>ipsis</span> <span class='ocrx_word' id='word_1_192' title='bbox 1196 1739 1481 1786; x_wconf 82' lang='lat' dir='ltr'>expectantes3</span> <span class='ocrx_word' id='word_1_193' title='bbox 1517 1739 1560 1771; x_wconf 88' lang='lat' dir='ltr'>at</span> <span class='ocrx_word' id='word_1_194' title='bbox 1589 1729 1647 1771; x_wconf 85' lang='lat' dir='ltr'>ita</span> 
     </span>
     <span class='ocr_line' id='line_1_25' title="bbox 257 1798 1645 1854; baseline 0.003 -19"><span class='ocrx_word' id='word_1_195' title='bbox 257 1803 408 1846; x_wconf 89' lang='lat' dir='ltr'>tamen,</span> <span class='ocrx_word' id='word_1_196' title='bbox 432 1805 479 1837; x_wconf 92' lang='lat' dir='ltr'>ut</span> <span class='ocrx_word' id='word_1_197' title='bbox 500 1805 586 1838; x_wconf 89' lang='lat' dir='ltr'>tota</span> <span class='ocrx_word' id='word_1_198' title='bbox 604 1798 758 1839; x_wconf 87' lang='lat' dir='ltr'>fiducia</span> <span class='ocrx_word' id='word_1_199' title='bbox 788 1807 926 1839; x_wconf 89' lang='lat' dir='ltr'>nostra</span> <span class='ocrx_word' id='word_1_200' title='bbox 952 1798 995 1838; x_wconf 89' lang='lat' dir='ltr'>in</span> <span class='ocrx_word' id='word_1_201' title='bbox 1026 1798 1110 1839; x_wconf 90' lang='lat' dir='ltr'>solo</span> <span class='ocrx_word' id='word_1_202' title='bbox 1132 1800 1225 1839; x_wconf 89' lang='lat' dir='ltr'>Deo</span> <span class='ocrx_word' id='word_1_203' title='bbox 1245 1807 1482 1854; x_wconf 85' lang='lat' dir='ltr'>reponatur,</span> <span class='ocrx_word' id='word_1_204' title='bbox 1504 1798 1645 1854; x_wconf 80' lang='lat' dir='ltr'>illique</span> 
     </span>
     <span class='ocr_line' id='line_1_26' title="bbox 255 1863 1644 1922; baseline 0.002 -19"><span class='ocrx_word' id='word_1_205' title='bbox 255 1863 455 1920; x_wconf 89' lang='lat' dir='ltr'>quicquid</span> <span class='ocrx_word' id='word_1_206' title='bbox 482 1865 593 1922; x_wconf 87' lang='lat' dir='ltr'>hper</span> <span class='ocrx_word' id='word_1_207' title='bbox 623 1882 769 1908; x_wconf 87' lang='lat' dir='ltr'>manus</span> <span class='ocrx_word' id='word_1_208' title='bbox 803 1866 1016 1907; x_wconf 88' lang='lat' dir='ltr'>hominum</span> <span class='ocrx_word' id='word_1_209' title='bbox 1050 1866 1240 1917; x_wconf 81' lang='lat' dir='ltr'>traditur,</span> <span class='ocrx_word' id='word_1_210' title='bbox 1264 1875 1311 1907; x_wconf 89' lang='lat' dir='ltr'>ut</span> <span class='ocrx_word' id='word_1_211' title='bbox 1341 1866 1473 1907; x_wconf 89' lang='lat' dir='ltr'>omnis</span> <span class='ocrx_word' id='word_1_212' title='bbox 1502 1866 1644 1922; x_wconf 85' lang='lat' dir='ltr'>benig-</span> 
     </span>
     <span class='ocr_line' id='line_1_27' title="bbox 255 1930 1643 1991; baseline 0.002 -20"><span class='ocrx_word' id='word_1_213' title='bbox 255 1930 395 1973; x_wconf 88' lang='lat' dir='ltr'>nitatis</span> <span class='ocrx_word' id='word_1_214' title='bbox 426 1933 531 1975; x_wconf 84' lang='lat' dir='ltr'>fonti</span> <span class='ocrx_word' id='word_1_215' title='bbox 561 1944 776 1991; x_wconf 88' lang='lat' dir='ltr'>acceptum</span> <span class='ocrx_word' id='word_1_216' title='bbox 811 1935 1047 1975; x_wconf 86' lang='lat' dir='ltr'>referamus.</span> <span class='ocrx_word' id='word_1_217' title='bbox 1109 1935 1239 1976; x_wconf 88' lang='lat' dir='ltr'>Recte</span> <span class='ocrx_word' id='word_1_218' title='bbox 1273 1949 1372 1990; x_wconf 89' lang='lat' dir='ltr'>ergo</span> <span class='ocrx_word' id='word_1_219' title='bbox 1413 1943 1538 1990; x_wconf 87' lang='lat' dir='ltr'>atque</span> <span class='ocrx_word' id='word_1_220' title='bbox 1579 1949 1643 1975; x_wconf 92' lang='lat' dir='ltr'>or-</span> 
     </span>
     <span class='ocr_line' id='line_1_28' title="bbox 254 1998 1642 2059; baseline 0.003 -20"><span class='ocrx_word' id='word_1_221' title='bbox 254 1998 350 2041; x_wconf 88' lang='lat' dir='ltr'>dine</span> <span class='ocrx_word' id='word_1_222' title='bbox 389 2000 467 2042; x_wconf 88' lang='lat' dir='ltr'>ista</span> <span class='ocrx_word' id='word_1_223' title='bbox 499 2002 619 2053; x_wconf 87' lang='lat' dir='ltr'>fiunt,</span> <span class='ocrx_word' id='word_1_224' title='bbox 664 2017 798 2059; x_wconf 89' lang='lat' dir='ltr'>neque</span> <span class='ocrx_word' id='word_1_225' title='bbox 832 2002 1054 2058; x_wconf 87' lang='lat' dir='ltr'>quicquam</span> <span class='ocrx_word' id='word_1_226' title='bbox 1096 2002 1343 2058; x_wconf 84' lang='lat' dir='ltr'>impediunt,</span> <span class='ocrx_word' id='word_1_227' title='bbox 1381 2018 1465 2058; x_wconf 92' lang='lat' dir='ltr'>quo</span> <span class='ocrx_word' id='word_1_228' title='bbox 1504 2002 1642 2043; x_wconf 91' lang='lat' dir='ltr'>minus</span> 
     </span>
     <span class='ocr_line' id='line_1_29' title="bbox 253 2069 1641 2121; baseline 0.003 -14"><span class='ocrx_word' id='word_1_229' title='bbox 253 2081 384 2108; x_wconf 90' lang='lat' dir='ltr'>unum</span> <span class='ocrx_word' id='word_1_230' title='bbox 406 2069 545 2110; x_wconf 90' lang='lat' dir='ltr'>Deum</span> <span class='ocrx_word' id='word_1_231' title='bbox 568 2070 818 2121; x_wconf 87' lang='lat' dir='ltr'>invocemus,</span> <span class='ocrx_word' id='word_1_232' title='bbox 841 2070 899 2111; x_wconf 87' lang='lat' dir='ltr'>ita</span> <span class='ocrx_word' id='word_1_233' title='bbox 929 2079 976 2111; x_wconf 88' lang='lat' dir='ltr'>ut</span> <span class='ocrx_word' id='word_1_234' title='bbox 1006 2069 1107 2110; x_wconf 90' lang='lat' dir='ltr'>nihil</span> <span class='ocrx_word' id='word_1_235' title='bbox 1137 2069 1304 2111; x_wconf 87' lang='lat' dir='ltr'>aliunde</span> <span class='ocrx_word' id='word_1_236' title='bbox 1338 2069 1436 2111; x_wconf 91' lang='lat' dir='ltr'>boni</span> <span class='ocrx_word' id='word_1_237' title='bbox 1467 2085 1541 2111; x_wconf 88' lang='lat' dir='ltr'>nos</span> <span class='ocrx_word' id='word_1_238' title='bbox 1571 2086 1641 2111; x_wconf 88' lang='lat' dir='ltr'>ex-</span> 
     </span>
     <span class='ocr_line' id='line_1_30' title="bbox 251 2136 1639 2193; baseline 0.003 -18"><span class='ocrx_word' id='word_1_239' title='bbox 251 2144 428 2190; x_wconf 89' lang='lat' dir='ltr'>pectare,</span> <span class='ocrx_word' id='word_1_240' title='bbox 460 2151 534 2178; x_wconf 91' lang='lat' dir='ltr'>nec</span> <span class='ocrx_word' id='word_1_241' title='bbox 565 2136 662 2179; x_wconf 89' lang='lat' dir='ltr'>alibi</span> <span class='ocrx_word' id='word_1_242' title='bbox 699 2147 833 2179; x_wconf 89' lang='lat' dir='ltr'>totum</span> <span class='ocrx_word' id='word_1_243' title='bbox 869 2148 1053 2179; x_wconf 91' lang='lat' dir='ltr'>nostrum</span> <span class='ocrx_word' id='word_1_244' title='bbox 1086 2137 1323 2193; x_wconf 83' lang='lat' dir='ltr'>praesidium</span> <span class='ocrx_word' id='word_1_245' title='bbox 1356 2137 1551 2179; x_wconf 87' lang='lat' dir='ltr'>collocare</span> <span class='ocrx_word' id='word_1_246' title='bbox 1582 2148 1639 2179; x_wconf 88' lang='lat' dir='ltr'>te-</span> 
     </span>
     <span class='ocr_line' id='line_1_31' title="bbox 251 2210 419 2244; baseline 0.012 -2"><span class='ocrx_word' id='word_1_247' title='bbox 251 2210 419 2244; x_wconf 88' lang='lat' dir='ltr'>stemur.</span> 
     </span>
    </p>

    <p class='ocr_par' dir='ltr' id='par_1_7' title="bbox 250 2272 1637 2398">
     <span class='ocr_line' id='line_1_32' title="bbox 308 2272 1637 2331; baseline 0.002 -19"><span class='ocrx_word' id='word_1_248' title='bbox 308 2272 371 2312; x_wconf 89' lang='lat' dir='ltr'>M.</span> <span class='ocrx_word' id='word_1_249' title='bbox 407 2274 534 2315; x_wconf 88' lang='lat' dir='ltr'>Prece</span> <span class='ocrx_word' id='word_1_250' title='bbox 562 2273 690 2329; x_wconf 86' lang='lat' dir='ltr'>igitur</span> <span class='ocrx_word' id='word_1_251' title='bbox 710 2283 751 2315; x_wconf 90' lang='lat' dir='ltr'>et</span> <span class='ocrx_word' id='word_1_252' title='bbox 772 2273 1063 2324; x_wconf 81' lang='lat' dir='ltr'>obsecratione,</span> <span class='ocrx_word' id='word_1_253' title='bbox 1087 2283 1135 2315; x_wconf 88' lang='lat' dir='ltr'>ut</span> <span class='ocrx_word' id='word_1_254' title='bbox 1161 2283 1200 2315; x_wconf 90' lang='lat' dir='ltr'>et</span> <span class='ocrx_word' id='word_1_255' title='bbox 1222 2274 1310 2315; x_wconf 89' lang='lat' dir='ltr'>aliis</span> <span class='ocrx_word' id='word_1_256' title='bbox 1335 2274 1526 2316; x_wconf 89' lang='lat' dir='ltr'>omnibus</span> <span class='ocrx_word' id='word_1_257' title='bbox 1552 2275 1637 2331; x_wconf 90' lang='lat' dir='ltr'>pie-</span> 
     </span>
     <span class='ocr_line' id='line_1_33' title="bbox 250 2339 1634 2398; baseline 0.004 -20"><span class='ocrx_word' id='word_1_258' title='bbox 250 2339 344 2380; x_wconf 89' lang='lat' dir='ltr'>tatis</span> <span class='ocrx_word' id='word_1_259' title='bbox 372 2340 526 2392; x_wconf 89' lang='lat' dir='ltr'>officiis,</span> <span class='ocrx_word' id='word_1_260' title='bbox 548 2357 598 2382; x_wconf 91' lang='lat' dir='ltr'>ex</span> <span class='ocrx_word' id='word_1_261' title='bbox 629 2341 868 2398; x_wconf 74' lang='lat' dir='ltr'>praescripto</span> <span class='ocrx_word' id='word_1_262' title='bbox 899 2341 1014 2383; x_wconf 90' lang='lat' dir='ltr'>verbi</span> <span class='ocrx_word' id='word_1_263' title='bbox 1044 2342 1125 2383; x_wconf 89' lang='lat' dir='ltr'>Dei</span> <span class='ocrx_word' id='word_1_264' title='bbox 1156 2342 1273 2384; x_wconf 89' lang='lat' dir='ltr'>nobis</span> <span class='ocrx_word' id='word_1_265' title='bbox 1303 2358 1387 2384; x_wconf 87' lang='lat' dir='ltr'>esse</span> <span class='ocrx_word' id='word_1_266' title='bbox 1418 2343 1634 2394; x_wconf 88' lang='lat' dir='ltr'>utendum,</span> 
     </span>
    </p>
   </div>
   <div class='ocr_carea' id='block_1_3' title="bbox 249 2405 1633 2535">
    <p class='ocr_par' dir='ltr' id='par_1_8' title="bbox 249 2405 1633 2535">
     <span class='ocr_line' id='line_1_34' title="bbox 249 2405 1133 2466; baseline 0.006 -20"><span class='ocrx_word' id='word_1_267' title='bbox 249 2405 402 2463; x_wconf 87' lang='lat' dir='ltr'>alioqui</span> <span class='ocrx_word' id='word_1_268' title='bbox 423 2409 517 2450; x_wconf 93' lang='lat' dir='ltr'>Deo</span> <span class='ocrx_word' id='word_1_269' title='bbox 536 2409 696 2465; x_wconf 87' lang='lat' dir='ltr'>placere</span> <span class='ocrx_word' id='word_1_270' title='bbox 715 2425 797 2451; x_wconf 94' lang='lat' dir='ltr'>non</span> <span class='ocrx_word' id='word_1_271' title='bbox 818 2426 936 2466; x_wconf 90' lang='lat' dir='ltr'>posse</span> <span class='ocrx_word' id='word_1_272' title='bbox 959 2410 1133 2451; x_wconf 86' lang='lat' dir='ltr'>statuis?</span> 
     </span>
     <span class='ocr_line' id='line_1_35' title="bbox 306 2476 1633 2535; baseline 0.004 -20"><span class='ocrx_word' id='word_1_273' title='bbox 306 2477 360 2516; x_wconf 93' lang='lat' dir='ltr'>A.</span> <span class='ocrx_word' id='word_1_274' title='bbox 394 2476 599 2526; x_wconf 87' lang='lat' dir='ltr'>Omnino;</span> <span class='ocrx_word' id='word_1_275' title='bbox 634 2477 698 2519; x_wconf 92' lang='lat' dir='ltr'>iin</span> <span class='ocrx_word' id='word_1_276' title='bbox 729 2478 946 2535; x_wconf 85' lang='lat' dir='ltr'>Religione</span> <span class='ocrx_word' id='word_1_277' title='bbox 973 2478 1081 2520; x_wconf 90' lang='lat' dir='ltr'>enim</span> <span class='ocrx_word' id='word_1_278' title='bbox 1112 2477 1279 2529; x_wconf 87' lang='lat' dir='ltr'>ordinis,</span> <span class='ocrx_word' id='word_1_279' title='bbox 1312 2487 1436 2534; x_wconf 88' lang='lat' dir='ltr'>atque</span> <span class='ocrx_word' id='word_1_280' title='bbox 1467 2478 1633 2520; x_wconf 88' lang='lat' dir='ltr'>rationis</span> 
     </span>
    </p>
   </div>
   <div class='ocr_carea' id='block_1_4' title="bbox 245 2598 1630 2747">
    <p class='ocr_par' dir='ltr' id='par_1_9' title="bbox 245 2598 1630 2747">
     <span class='ocr_line' id='line_1_36' title="bbox 291 2598 1630 2642; baseline 0.004 -15"><span class='ocrx_word' id='word_1_281' title='bbox 291 2604 305 2618; x_wconf 61' lang='grc' dir='ltr'>θ</span> <span class='ocrx_word' id='word_1_282' title='bbox 323 2598 405 2628; x_wconf 73' lang='lat' dir='ltr'>Psal.</span> <span class='ocrx_word' id='word_1_283' title='bbox 423 2600 484 2630; x_wconf 83' lang='lat' dir='ltr'>xci.</span> <span class='ocrx_word' id='word_1_284' title='bbox 502 2610 551 2638; x_wconf 87' lang='lat'>11,</span> <span class='ocrx_word' id='word_1_285' title='bbox 569 2609 617 2630; x_wconf 87' lang='lat'>12.</span> <span class='ocrx_word' id='word_1_286' title='bbox 641 2601 725 2631; x_wconf 85' lang='lat' dir='ltr'>Heb.</span> <span class='ocrx_word' id='word_1_287' title='bbox 742 2601 762 2631; x_wconf 91' lang='lat' dir='ltr'>i.</span> <span class='ocrx_word' id='word_1_288' title='bbox 778 2609 826 2639; x_wconf 82' lang='lat'>14.</span> <span class='ocrx_word' id='word_1_289' title='bbox 972 2601 987 2621; x_wconf 77' lang='lat' dir='ltr'>b</span> <span class='ocrx_word' id='word_1_290' title='bbox 1005 2601 1097 2632; x_wconf 83' lang='lat' dir='ltr'>Rom.</span> <span class='ocrx_word' id='word_1_291' title='bbox 1114 2612 1146 2632; x_wconf 90' lang='lat' dir='ltr'>x.</span> <span class='ocrx_word' id='word_1_292' title='bbox 1165 2609 1212 2642; x_wconf 88' lang='lat'>17.</span> <span class='ocrx_word' id='word_1_293' title='bbox 1357 2608 1370 2621; x_wconf 74' lang='lat'><em>⁰</em></span> <span class='ocrx_word' id='word_1_294' title='bbox 1386 2602 1479 2632; x_wconf 89' lang='lat' dir='ltr'>Rom.</span> <span class='ocrx_word' id='word_1_295' title='bbox 1496 2601 1561 2631; x_wconf 90' lang='lat' dir='ltr'>xiv.</span> <span class='ocrx_word' id='word_1_296' title='bbox 1579 2609 1630 2638; x_wconf 82' lang='lat'>23.</span> 
     </span>
     <span class='ocr_line' id='line_1_37' title="bbox 245 2651 1629 2694; baseline 0.002 -13"><span class='ocrx_word' id='word_1_297' title='bbox 245 2651 258 2671; x_wconf 78' lang='lat'>‘¹</span> <span class='ocrx_word' id='word_1_298' title='bbox 277 2652 358 2682; x_wconf 80' lang='lat' dir='ltr'>Mat.</span> <span class='ocrx_word' id='word_1_299' title='bbox 375 2652 418 2682; x_wconf 88' lang='lat' dir='ltr'>vi.</span> <span class='ocrx_word' id='word_1_300' title='bbox 436 2651 467 2690; x_wconf 90' lang='lat'>6,</span> <span class='ocrx_word' id='word_1_301' title='bbox 485 2663 515 2693; x_wconf 93' lang='lat'>9.</span> <span class='ocrx_word' id='word_1_302' title='bbox 659 2660 671 2674; x_wconf 61' lang='grc' dir='ltr'>θ</span> <span class='ocrx_word' id='word_1_303' title='bbox 692 2664 702 2684; x_wconf 89' lang='lat'>1</span> <span class='ocrx_word' id='word_1_304' title='bbox 722 2655 795 2685; x_wconf 86' lang='lat' dir='ltr'>Cor.</span> <span class='ocrx_word' id='word_1_305' title='bbox 811 2665 862 2686; x_wconf 85' lang='lat' dir='ltr'>xv.</span> <span class='ocrx_word' id='word_1_306' title='bbox 882 2655 931 2686; x_wconf 89' lang='lat'>18.</span> <span class='ocrx_word' id='word_1_307' title='bbox 1085 2654 1097 2675; x_wconf 81' lang='lat' dir='ltr'>s</span> <span class='ocrx_word' id='word_1_308' title='bbox 1113 2665 1125 2686; x_wconf 92' lang='lat'>1</span> <span class='ocrx_word' id='word_1_309' title='bbox 1147 2657 1222 2687; x_wconf 90' lang='lat' dir='ltr'>Cor.</span> <span class='ocrx_word' id='word_1_310' title='bbox 1240 2655 1297 2687; x_wconf 75' lang='lat' dir='ltr'>xii.</span> <span class='ocrx_word' id='word_1_311' title='bbox 1316 2665 1366 2694; x_wconf 89' lang='lat'>11,</span> <span class='ocrx_word' id='word_1_312' title='bbox 1386 2664 1438 2692; x_wconf 85' lang='lat'>21,</span> <span class='ocrx_word' id='word_1_313' title='bbox 1454 2663 1504 2693; x_wconf 85' lang='lat'>25.</span> <span class='ocrx_word' id='word_1_314' title='bbox 1531 2663 1541 2683; x_wconf 84' lang='grc' dir='ltr'>ι</span> <span class='ocrx_word' id='word_1_315' title='bbox 1561 2655 1629 2685; x_wconf 85' lang='lat' dir='ltr'>Pet.</span> 
     </span>
     <span class='ocr_line' id='line_1_38' title="bbox 245 2704 1630 2747; baseline 0.003 -13"><span class='ocrx_word' id='word_1_316' title='bbox 245 2704 288 2735; x_wconf 89' lang='lat' dir='ltr'>iv.</span> <span class='ocrx_word' id='word_1_317' title='bbox 306 2715 354 2735; x_wconf 87' lang='lat'>10.</span> <span class='ocrx_word' id='word_1_318' title='bbox 517 2714 530 2731; x_wconf 61' lang='grc' dir='ltr'>’τ</span> <span class='ocrx_word' id='word_1_319' title='bbox 548 2708 630 2738; x_wconf 82' lang='lat' dir='ltr'>Mat.</span> <span class='ocrx_word' id='word_1_320' title='bbox 647 2708 701 2738; x_wconf 85' lang='lat' dir='ltr'>vii.</span> <span class='ocrx_word' id='word_1_321' title='bbox 720 2718 766 2739; x_wconf 89' lang='lat'>12.</span> <span class='ocrx_word' id='word_1_322' title='bbox 794 2719 804 2739; x_wconf 89' lang='lat'>1</span> <span class='ocrx_word' id='word_1_323' title='bbox 827 2711 900 2739; x_wconf 89' lang='lat' dir='ltr'>Cor.</span> <span class='ocrx_word' id='word_1_324' title='bbox 916 2720 948 2740; x_wconf 86' lang='lat' dir='ltr'>x.</span> <span class='ocrx_word' id='word_1_325' title='bbox 964 2718 1014 2747; x_wconf 84' lang='lat'>24.</span> <span class='ocrx_word' id='word_1_326' title='bbox 1039 2710 1110 2739; x_wconf 79' lang='lat' dir='ltr'>Gal.</span> <span class='ocrx_word' id='word_1_327' title='bbox 1128 2709 1168 2740; x_wconf 84' lang='lat' dir='ltr'>vi.</span> <span class='ocrx_word' id='word_1_328' title='bbox 1188 2717 1216 2739; x_wconf 83' lang='lat'>2.</span> <span class='ocrx_word' id='word_1_329' title='bbox 1390 2708 1404 2728; x_wconf 79' lang='lat'>¹¹</span> <span class='ocrx_word' id='word_1_330' title='bbox 1426 2718 1436 2738; x_wconf 87' lang='lat'>1</span> <span class='ocrx_word' id='word_1_331' title='bbox 1456 2709 1523 2738; x_wconf 71' lang='lat' dir='ltr'>Pet.</span> <span class='ocrx_word' id='word_1_332' title='bbox 1541 2708 1560 2738; x_wconf 79' lang='lat' dir='ltr'>i.</span> <span class='ocrx_word' id='word_1_333' title='bbox 1581 2717 1630 2739; x_wconf 80' lang='grc' dir='ltr'>ιο.</span> 
     </span>
    </p>
   </div>
   <div class='ocr_carea' id='block_1_5' title="bbox 245 2756 709 2798">
    <p class='ocr_par' dir='ltr' id='par_1_10' title="bbox 245 2756 709 2798">
     <span class='ocr_line' id='line_1_39' title="bbox 245 2756 709 2798; baseline 0 -10"><span class='ocrx_word' id='word_1_334' title='bbox 245 2756 470 2795; x_wconf 73' lang='lat' dir='ltr'>iDeut.iv.1‚</span> <span class='ocrx_word' id='word_1_335' title='bbox 489 2770 517 2789; x_wconf 84' lang='lat'>2.</span> <span class='ocrx_word' id='word_1_336' title='bbox 541 2770 569 2789; x_wconf 83' lang='lat' dir='ltr'>v.</span> <span class='ocrx_word' id='word_1_337' title='bbox 588 2769 641 2798; x_wconf 83' lang='lat'>32,</span> <span class='ocrx_word' id='word_1_338' title='bbox 657 2769 709 2798; x_wconf 77' lang='lat'>33.</span> 
     </span>
    </p>
   </div>
  </div>
 </body>
</html>
