1799 3077
98 327 147 356 De
163 335 299 357 consecr.

98 370 180 398 Dist.
198 378 224 398 1.
238 380 304 410 cap.

99 413 259 451 Comperi-

98 465 177 486 mus·

96 1689 134 1717 In
150 1689 242 1717 Joan.

92 1742 121 1761 c.
138 1730 169 1762 6.

95 1829 144 1856 De
161 1835 288 1856 sacram.

96 1871 164 1900 Lib.
176 1877 206 1907 4.
223 1876 287 1906 c.4.

96 1961 135 1990 In
152 1956 293 1995 Dialogis

95 2003 193 2041 primo
211 2004 242 2029 et
261 2009 289 2030 2.

96 2046 133 2076 In
149 2052 288 2074 sermone

94 2090 131 2118 ad
145 2088 290 2116 infantes.

95 2134 143 2161 De
159 2139 294 2159 consecr.

96 2174 177 2203 Dist.
191 2180 220 2202 2.
233 2182 300 2210 cap.

92 2217 157 2250 Qui
173 2225 262 2245 man-

94 2261 220 2290 ducant.

97 2371 136 2400 ln
153 2370 232 2399 Mat.
242 2378 290 2398 xv.

94 2505 169 2533 Luc.
188 2503 259 2532 xxii.

324 129 407 170 128
713 129 943 171 -IUELLI
977 130 1307 172 APOLOGIA.

318 241 427 284 enim
458 251 499 284 et
530 241 744 284 Christum
774 242 959 299 jussisse,
990 252 1032 285 et
1062 243 1289 300 Apostolos
1319 244 1476 301 ubique
1505 252 1708 287 terrarum

316 310 554 360 instituisse,
577 320 618 352 et
637 326 778 352 omnes
800 319 958 352 veteres
979 313 1138 362 Patres,
1161 321 1202 354 et
1229 312 1450 354 catholicos
1477 313 1707 370 Episcopos

317 387 478 420 secutos
498 394 609 426 esse3
643 388 698 428 et,
721 378 753 419 si
774 379 868 434 quis
888 387 1032 421 contra
1050 379 1188 431 faciat,
1211 395 1322 432 eum,
1345 389 1392 422 ut
1414 380 1605 422 Gelasius
1634 381 1706 432 ait,

315 447 571 489 committere
602 446 885 502 sacrilegium;
929 456 970 488 et
999 447 1252 489 adversarios
1282 449 1404 490 hodie
1433 458 1608 500 nostros,
1635 448 1708 505 qui

313 515 483 571 explosa
512 524 637 571 atque
667 513 859 555 abdicata
887 514 1188 565 communione,
1221 515 1307 557 sine
1338 517 1464 558 verbo
1493 517 1590 567 Dei,
1622 516 1707 558 sine

312 585 443 627 veteri
465 584 664 635 Concilio,
688 584 774 625 sine
795 584 880 625 ullo
900 584 1101 626 catholico
1131 586 1270 636 Patre,
1292 585 1377 626 sine
1407 586 1596 642 exemplo
1625 585 1708 642 pri-

312 652 467 695 mitivae
488 652 699 703 Ecclesiae,
722 652 808 693 sine
827 652 948 693 etiam
970 653 1129 694 ratione
1150 653 1331 709 privatas
1353 653 1506 695 Missas
1533 662 1574 695 et
1600 654 1706 694 mul-

313 721 534 763 titudinem
555 729 902 762 sacramentorum
924 720 1163 772 defendant,
1181 721 1309 778 idque
1328 737 1412 764 non
1433 731 1594 763 tantum
1611 737 1706 763 con-

313 798 378 830 tra
397 804 636 845 expressum
657 789 902 830 mandatum
922 797 963 830 et
977 789 1143 845 jussum
1165 789 1336 840 Christi,
1360 790 1431 831 sed
1457 790 1581 831 etiam
1611 805 1706 831 con-

313 866 377 898 tra
396 871 560 898 omnem
580 857 871 913 antiquitatem
891 857 1058 908 faciant,
1080 857 1268 914 improbe
1288 858 1436 908 facere,
1459 867 1499 899 et
1529 873 1614 899 esse
1645 874 1705 899 sa-

312 924 498 981 crilegos.

370 993 527 1033 Panem
549 1001 590 1034 et
609 992 753 1033 vinum
775 992 951 1034 dicimus
971 1007 1057 1033 esse
1083 1007 1211 1043 sacra,
1233 1001 1274 1033 et
1303 993 1483 1034 coelestia
1512 994 1707 1050 mysteria

310 1060 492 1116 corporis
514 1070 555 1101 et
575 1060 786 1116 sanguinis
808 1059 978 1109 Christi,
997 1069 1037 1100 et
1057 1060 1136 1101 illis
1157 1059 1373 1101 Christum
1388 1059 1540 1116 ipsum,
1558 1076 1703 1101 verum

311 1142 460 1184 panem
486 1137 651 1170 aeternae
672 1128 782 1177 vitae,
806 1128 862 1169 sic
893 1128 1011 1169 nobis
1040 1137 1285 1184 praesentem
1317 1127 1517 1178 exhiberi,
1539 1136 1588 1170 ut
1616 1129 1706 1185 ejus

310 1210 475 1252 corpus,
499 1196 826 1253 sanguinemque
845 1211 920 1252 per
941 1196 1090 1237 Fidem
1110 1211 1206 1237 vere
1237 1211 1474 1237 sumamus:
1519 1198 1613 1237 Non
1647 1206 1706 1237 ta-

312 1278 407 1304 men
437 1264 480 1305 id
510 1264 568 1305 ita
596 1264 785 1315 dicimus,
814 1264 932 1321 quasi
961 1273 1159 1320 putemus
1188 1273 1381 1306 naturam
1410 1264 1529 1321 panis
1558 1272 1599 1305 et
1619 1263 1704 1305 vini

312 1346 482 1387 prorsus
509 1332 734 1383 immutari,
765 1341 890 1388 atque
919 1331 1032 1373 abire
1062 1332 1105 1373 in
1134 1332 1324 1383 nihilum,
1351 1332 1704 1388 quemadmodum

312 1399 433 1440 multi
453 1400 652 1456 proximis
672 1400 759 1441 istis
781 1399 926 1440 seculis
947 1400 1217 1451 somniarunt,
1239 1416 1375 1457 neque
1395 1400 1531 1441 adhuc
1558 1407 1704 1455 potue-

311 1475 412 1508 runt
432 1483 616 1524 unquam
641 1467 738 1509 satis
757 1467 864 1508 inter
889 1483 930 1508 se
960 1469 1009 1509 de
1037 1483 1112 1509 suo
1143 1469 1300 1510 somnio
1329 1468 1561 1510 convenire.
1621 1468 1706 1508 Ne-

310 1550 393 1591 que
408 1535 515 1576 enim
533 1535 577 1576 id
591 1536 784 1577 Christus
799 1536 898 1593 egit,
913 1545 961 1577 ut
973 1536 1090 1592 panis
1106 1536 1288 1578 triticeus
1304 1537 1498 1593 abjiceret
1514 1545 1704 1577 naturam

311 1619 443 1654 suam,
465 1619 512 1645 ac
541 1620 690 1645 novam
711 1604 922 1660 quandam
943 1604 1199 1646 divinitatem
1226 1605 1431 1657 indueret,
1454 1606 1523 1646 sed
1554 1614 1602 1646 ut
1630 1619 1704 1645 nos

311 1671 451 1728 potius
481 1671 733 1723 immutaret,
758 1681 889 1727 utque
919 1672 1263 1729 Theophylactus
1290 1673 1490 1729 loquitur,
1513 1671 1704 1713 transele-

312 1747 513 1781 mentaret
532 1739 575 1780 in
594 1755 744 1796 corpus
765 1755 903 1781 suum,
965 1740 1078 1790 Quid
1099 1740 1206 1781 enim
1229 1741 1359 1797 magis
1377 1740 1593 1797 perspicue
1621 1739 1702 1781 dici

311 1817 461 1864 potest,
483 1823 610 1864 quam
631 1808 746 1864 quod
766 1807 1017 1849 Ambrosius
1036 1808 1106 1860 ait,
1130 1809 1256 1850 Panis
1277 1819 1317 1850 et
1334 1808 1477 1849 vinum
1494 1818 1591 1849 sunt
1606 1824 1701 1864 quae

312 1885 442 1926 erant,
464 1884 505 1917 et
530 1875 574 1916 in
600 1875 715 1917 aliud
744 1879 1077 1917 commutantur?
1110 1877 1204 1917 Aut
1234 1876 1348 1932 quod
1372 1876 1577 1928 Gelasius,
1601 1878 1699 1917 Non

311 1944 460 1985 desinit
494 1960 579 1985 esse
614 1944 844 1985 substantia
877 1943 1008 2000 panis,
1040 1944 1105 1985 vel
1134 1954 1283 1985 natura
1312 1944 1422 1985 vini?
1463 1946 1558 1985 Aut
1587 1944 1701 2000 quod

312 2012 619 2063 Theodoretus,
642 2014 744 2054 Post
771 2012 1132 2054 sanctificationem
1163 2012 1336 2069 mystica
1366 2013 1553 2070 symbola
1582 2023 1701 2054 natu-

310 2097 397 2122 ram
430 2096 546 2122 suam
572 2081 782 2137 propriam
812 2097 895 2122 non
925 2081 1126 2137 abjiciunt
1149 2083 1335 2134 (manent
1364 2082 1473 2123 enim
1503 2081 1546 2122 in
1575 2082 1701 2138 priori

312 2165 387 2191 sua
406 2149 648 2199 substantia,
670 2158 711 2190 et
730 2150 879 2205 figura,
902 2158 943 2190 et
964 2149 1141 2205 specie)?
1174 2151 1268 2191 Aut
1287 2150 1401 2206 quod
1418 2150 1699 2206 Augustinus,

313 2219 436 2269 Quod
457 2217 617 2269 videtis,
639 2217 757 2274 panis
777 2205 838 2259 est
855 2228 897 2259 et
915 2217 1035 2268 calix,
1053 2219 1167 2274 quod
1182 2218 1305 2259 etiam
1321 2219 1428 2260 oculi
1443 2220 1699 2269 renunciant,

312 2287 427 2342 quod
447 2295 584 2328 autem
606 2286 733 2327 Fides
752 2297 887 2327 vestra
906 2286 1089 2342 postulat
1108 2286 1363 2337 instruenda,
1387 2287 1511 2328 Panis
1533 2298 1593 2328 est
1612 2302 1699 2328 cor-

312 2371 392 2411 pus
418 2355 588 2406 Christi,
610 2354 716 2396 calix
747 2355 937 2411 sanguis?
968 2356 1062 2396 Aut
1093 2355 1207 2411 quod
1239 2355 1452 2411 Origenes,
1478 2355 1556 2396 Ille
1585 2355 1703 2412 panis

312 2421 385 2477 qui
419 2423 695 2464 sanctificatur
723 2438 799 2479 per
826 2423 998 2464 verbum
1030 2423 1126 2473 Dei,
1148 2424 1261 2479 quod
1291 2423 1460 2479 quidem
1491 2423 1544 2464 ad
1575 2433 1701 2464 mate-

311 2489 413 2530 riam
434 2489 594 2541 attinet,
616 2489 658 2531 in
678 2499 863 2531 ventrem
884 2490 985 2541 abit,
1007 2499 1047 2531 et
1068 2489 1109 2530 in
1140 2506 1340 2531 secessum
1372 2490 1566 2547 ejicitur?
1605 2492 1699 2531 Aut

310 2557 426 2612 quod
447 2557 638 2599 Christus
657 2573 741 2599 non
768 2566 930 2599 tantum
960 2567 1054 2615 post
1083 2559 1427 2600 consecrationem
1456 2558 1604 2608 calicis,
1626 2559 1696 2599 sed

309 2625 433 2666 etiam
452 2634 546 2680 post
565 2626 895 2668 communionem
916 2626 1035 2677 dixit,
1060 2628 1156 2668 Non
1176 2627 1315 2668 bibam
1335 2627 1512 2683 amplius
1539 2626 1591 2667 de
1620 2626 1697 2666 hac

308 2692 572 2749 generatione
592 2693 707 2734 vitis:
742 2697 916 2736 Certum
943 2694 1052 2736 enim
1080 2703 1141 2736 est
1170 2711 1221 2736 ex
1242 2695 1324 2736 vite
1354 2693 1617 2752 progenerari
1638 2694 1697 2734 vi-

309 2775 426 2811 num,
447 2776 530 2802 non
550 2761 803 2817 sanguinem.
868 2764 956 2804 Nec
983 2772 1119 2805 tamen
1147 2778 1243 2804 cum
1273 2763 1350 2804 ista
1381 2762 1567 2813 dicimus,
1588 2773 1700 2804 exte-
