1799 3077
881 125 1121 181 [202]

295 242 463 300 passim
494 242 652 290 notavi,
674 240 824 296 quibus
852 240 933 280 sibi
963 240 1148 295 quisque,
1172 239 1236 279 vel
1265 239 1378 289 aliis,
1399 254 1491 280 cum
1521 241 1694 291 licerent,

303 310 548 365 satisfacere
561 309 710 365 possit.
772 308 827 347 In
847 306 920 347 hoc
939 308 1065 348 etiam
1089 307 1345 348 Cateclzismo
1365 321 1510 347 curam
1535 314 1573 349 et
1603 310 1697 350 dili-

298 379 492 434 gentiam
511 376 699 425 adhibui,
722 380 769 415 ut
788 375 1037 430 incorrupta
1058 375 1206 415 Latini
1226 376 1429 416 sermonis
1453 376 1695 432 integritas,

303 445 440 503 quoad
459 444 664 501 egy'usfieri
676 448 834 498 posset,
855 442 1005 498 ubique
1034 449 1304 488 servaretur‚·
1346 448 1394 483 ut
1424 443 1698 484 Latinitatem

296 514 467 571 pariter
487 518 609 568 atque
621 512 822 567 pietatem
843 524 926 551 uno
946 510 1082 550 eodem
1103 510 1239 550 labore
1257 511 1381 566 pueri
1401 513 1535 552 nostri
1558 512 1697 554 addis-

303 595 393 623 cere
418 586 600 637 possent.
660 580 715 619 In
737 578 892 634 paucis
923 584 1086 619 tantum
1116 578 1377 634 quibusdam,
1407 579 1471 619 vel
1498 581 1698 636 singulis,

306 650 371 691 vel
403 647 673 696 continuatis,
705 651 827 702 atque
857 647 1088 701 conjunctis
1119 646 1270 696 verbis,
1302 659 1395 701 quae
1423 653 1569 688 nost-ra
1598 654 1699 689 sunt

296 716 496 773 propria,
517 720 556 755 et
579 714 836 756 Christianae
856 714 1076 771 Religioni
1087 714 1341 770 peculiaria,
1357 715 1519 755 tametsi
1538 715 1699 757 Cicero-

303 786 387 834 nis,
409 790 448 825 et
458 783 663 840 prooeima
683 782 746 822 illi
770 787 889 822 aetate
909 783 1079 823 Latinis
1105 783 1339 823 bominibus
1366 783 1578 835 inaudita,
1599 799 1698 840 syn-

304 865 409 893 cerae
429 856 584 892 nostrae
596 850 743 905 potius
759 850 945 905 pietatis,
967 865 1092 906 quam
1113 850 1338 890 emendatae
1356 850 1608 906 loquutionis
1629 866 1698 892 ra-

307 922 454 962 tionem
477 918 706 959 habendam
727 932 812 959 esse
836 918 1073 959 eoeistimavi
1087 935 1101 965 ‚·
1143 919 1282 973 itaque
1311 919 1357 958 in
1386 925 1578 960 contextu
1608 921 1699 975 qui-

306 987 396 1028 dem
414 987 618 1028 orationis
638 1000 687 1026 ea
706 1000 789 1027 non
810 987 984 1026 nudavi.
1040 987 1187 1027 Verum
1207 999 1257 1026 ne
1277 987 1349 1041 qui
1368 986 1520 1027 Latine
1539 993 1577 1028 et
1584 1001 1698 1043 pure

305 1056 417 1111 loqui
439 1055 596 1106 volunt,
616 1055 835 1110 quicquam
857 1054 922 1094 vel
940 1054 1016 1094 liae
1036 1055 1082 1093 in
1101 1059 1227 1109 parte
1247 1053 1545 1104 desiderarent,
1567 1055 1638 1095 ubi
1668 1069 1697 1096 a

305 1123 511 1163 communi
546 1135 657 1162 more
693 1122 911 1162 verborum
947 1121 1199 1162 Latinorum
1229 1121 1452 1162 discessum
1463 1121 1628 1176 ficerit,
1660 1128 1699 1164 et

306 1190 455 1246 quibus
475 1203 524 1229 ea
552 1189 776 1239 vocabulis,
798 1195 920 1245 atque
949 1189 1140 1245 loquendi
1152 1190 1319 1244 Jbrmis
1342 1204 1466 1245 posse
1494 1190 1699 1245 explicari

298 1263 460 1314 putem,
483 1258 528 1297 in
542 1258 638 1312 fine
658 1257 756 1297 libri
783 1258 1114 1297 commonstravi.
1180 1257 1299 1305 Quod
1327 1263 1465 1297 autem
1494 1259 1700 1298 orationis

299 1339 457 1381 genere
459 1326 589 1381 fuso,
612 1331 735 1380 atque
750 1326 982 1381 profluente
993 1326 1141 1380 potius
1161 1339 1285 1381 quam
1301 1325 1402 1365 eoeili
1416 1331 1550 1381 atque
1548 1326 1698 1381 jejuno

305 1399 402 1434 utor
431 1394 478 1433 in
508 1393 579 1434 hoe
614 1393 881 1442 catechismo,
913 1393 1243 1434 doctissimorum
1272 1407 1323 1434 ea·
1354 1394 1558 1434 veteribus
1573 1394 1699 1448 judi-

305 1461 429 1511 cium,
450 1461 746 1516 consiliumque
766 1462 812 1500 in
833 1475 878 1501 eo
897 1475 992 1501 sum
1011 1467 1209 1516 sequutus
1226 1478 1239 1507 ;
1276 1462 1348 1516 qui
1377 1476 1504 1516 quum
1534 1461 1697 1501 uberta-

305 1533 383 1568 tem
418 1529 582 1584 quidem
616 1529 821 1569 orationis
858 1534 990 1578 (etate,
1022 1529 1207 1584 styloque
1217 1529 1358 1583 facile
1388 1528 1553 1584 depasci
1573 1542 1698 1583 posse

296 1601 464 1650 putent,
485 1597 713 1637 siccitatem
733 1597 822 1652 ejus
835 1597 1073 1652 puerilibus
1094 1597 1295 1653 ingeniis,
1313 1611 1397 1638 non
1417 1597 1557 1637 minus
1572 1610 1698 1652 quam

305 1664 458 1704 teneris
485 1665 651 1720 plantis
684 1665 761 1705 soli
791 1665 1068 1715 sterilitatem,
1099 1665 1271 1705 n-ooeiam
1301 1679 1387 1706 esse
1415 1664 1696 1705 arbitrantur.

308 1732 444 1779 Quam
465 1734 588 1773 etiam
609 1733 656 1773 ob
676 1746 846 1773 causam
865 1732 1106 1773 lectissimos
1127 1733 1360 1782 verborum,
1377 1733 1698 1774 sententiarum-

304 1813 381 1855 que
394 1801 596 1855 flosculos
623 1801 807 1856 undique
834 1799 1057 1856 decerptos,
1077 1801 1259 1841 maoeime
1286 1815 1338 1841 eae
1362 1802 1576 1842 Ciceronis
1604 1801 1698 1842 lior-

305 1868 420 1918 tulis,
444 1869 645 1909 transtuli
660 1874 782 1924 atque
796 1869 960 1909 inserui
979 1869 1026 1908 in
1042 1868 1151 1909 liunc
1171 1868 1489 1920 Catecltismum,
1504 1870 1589 1910 illis
1607 1875 1698 1910 tan-

304 1951 429 1992 quam
449 1937 579 1978 stellis
599 1937 848 1993 quibusdam
868 1937 1097 1978 orationem
1119 1942 1269 1977 notans
1288 1942 1411 1993 atque
1436 1938 1695 1979 illuminans.

304 2005 423 2045 Nam
443 2011 492 2046 ut
511 2005 560 2045 de
581 2010 666 2046 tota
687 2005 908 2059 Religione
927 2018 1040 2060 pure
1060 2010 1099 2045 et
1118 2005 1341 2054 emendate,
1362 2006 1424 2045 ita
1454 2005 1503 2045 de
1531 2006 1699 2061 quibus-

304 2072 401 2113 dam
421 2073 545 2113 etiam
566 2073 773 2128 capitibus
799 2074 957 2128 copiose
982 2072 1273 2128 splendideque
1293 2073 1451 2128 putavi
1480 2073 1699 2113 dicendum

304 2154 390 2181 esse
403 2157 418 2187 ‚·
449 2147 498 2181 ut
509 2142 744 2197 permagni
764 2155 832 2182 res
858 2141 1052 2181 momenti
1077 2146 1200 2195 atque
1221 2140 1440 2196 ponderis,
1463 2141 1696 2192 verborum,

304 2210 685 2265 sententiarumque
717 2209 906 2265 floribus
952 2223 1196 2265 conspersae,
1233 2209 1472 2264 puerilibus
1509 2209 1698 2249 sensibus

305 2277 574 2327 blandientes,
607 2283 646 2318 et
662 2277 799 2333 ,quasi
833 2277 1005 2318 odorum
1035 2278 1264 2318 suavitates
1293 2278 1498 2333 afflantes,
1529 2277 1697 2317 illorum

305 2346 460 2385 animis
479 2346 751 2386 illaberentur
756 2346 1013 2401 jucun-dius,
1017 2346 1206 2400 facilius
1217 2347 1554 2402 perciperentur,
1576 2359 1625 2385 ac
1639 2359 1699 2385 se-

305 2413 385 2453 mel
402 2414 612 2454 memoriis
631 2414 943 2469 pectoribusque
958 2414 1204 2468 juventutis
1224 2414 1451 2454 insidentes
1479 2414 1699 2454 ltaerentes-

306 2495 382 2536 que
394 2482 584 2536 penitus,
603 2487 642 2523 et
661 2482 782 2537 quasi
798 2482 944 2536 infioeae
957 2488 1162 2538 perpetuo
1178 2483 1475 2532 retinerentur,
1493 2487 1616 2537 atque
1629 2496 1698 2522 cu-

306 2550 576 2591 stodirentur.
637 2550 740 2590 Non
756 2550 976 2605 defuturos
995 2565 1097 2607 ergo
1118 2551 1317 2599 arbitror,
1339 2551 1412 2606 qui
1431 2550 1638 2590 lenitatem
1661 2555 1699 2589 et

309 2618 627 2672 aequabilitatem
647 2619 851 2659 orationis
877 2619 1030 2660 alicu-bi
1057 2619 1285 2675 requirent,
1307 2624 1346 2659 et
1374 2617 1666 2658 desiderabunt
1681 2633 1695 2662 ‚-

308 2690 355 2725 nt
388 2686 538 2740 quibus
572 2701 684 2727 unus
713 2688 918 2727 orationis
947 2702 1089 2736 sonus,
1121 2687 1307 2742 idemque
1328 2690 1531 2741 perpetuo
1558 2684 1696 2739 stylus

305 2752 491 2807 placebit.
557 2754 675 2800 Quod
704 2755 741 2793 si
772 2761 998 2809 querentur
1021 2756 1142 2795 etiam
1176 2754 1369 2799 libellum,
1395 2753 1491 2792 dum
1524 2766 1569 2791 ea
1601 2766 1697 2807 quse
