1799 3077
451 144 684 184 NOELLI
718 145 1183 189 CATECHISMUS.
1430 155 1512 196 289

123 269 147 295 a
181 256 275 296 Deo
314 256 513 298 institutae
554 257 864 313 perturbatione
898 269 1105 315 peccatur,
1137 261 1337 318 quicquid
1374 280 1511 320 pecca-

123 333 202 364 tur.

181 392 245 432 M.
280 391 422 433 Solum
450 407 550 448 ergo
578 393 734 444 Deum,
756 394 951 436 collocata
982 395 1024 435 in
1054 410 1103 435 eo
1132 396 1244 437 omni
1264 397 1430 449 fiducia,
1453 400 1512 440 in-

122 459 353 500 vocandum
375 475 474 510 esse,
497 460 617 516 eique
638 471 685 502 ut
705 461 909 503 bonorum
930 462 1114 503 omnium
1136 463 1240 505 fonti
1265 476 1433 522 accepta
1452 482 1514 508 re-

121 527 290 568 ferenda
310 542 394 568 esse
425 527 575 579 omnia,
598 529 795 570 hactenus
825 530 981 572 dictum
1013 540 1084 571 est.
1145 533 1244 573 Jam
1275 534 1512 588 proximum

121 604 195 644 est,
219 603 266 635 ut
296 610 382 650 qua
410 595 562 637 fiducia
591 597 727 637 miseri
761 597 966 647 mortales,
997 598 1070 653 qui
1105 607 1167 640 tot
1190 600 1324 641 modis
1353 601 1513 658 indigni

122 676 279 713 sumuS,
301 662 572 705 immortalem
594 665 732 705 Deum
756 665 963 721 appellare
984 666 1221 718 debeamus,
1244 667 1435 710 declares.

179 731 238 771 A.
272 732 425 772 Sumus
449 732 615 787 quidem
648 748 722 773 nos
753 733 945 774 omnibus
975 734 1107 775 modis
1137 735 1424 791 indignissimi,
1446 752 1514 778 ve-

122 813 215 839 rum
236 814 318 839 non
340 800 516 855 superbe
536 810 662 855 atque
682 810 936 856 arroganter,
953 802 1071 857 quasi
1093 802 1209 859 digni
1229 803 1512 861 irrumpimus,

122 866 192 907 sed
225 867 380 908 Christi
410 867 680 909 kmediatoris
710 868 889 919 nomine,
915 878 1041 925 atque
1073 870 1225 912 fiducia
1254 872 1511 921 accedimus3

121 950 146 975 a
175 950 260 990 quo
287 935 418 990 janua
449 936 567 976 nobis
597 936 816 992 patefacta,
840 937 1029 992 quamvis
1059 938 1242 979 vilissimi
1272 939 1515 982 homunculi

123 1002 262 1054 simus,
285 1019 335 1044 ex
366 1003 511 1060 argilla
536 1013 578 1045 et
607 1004 697 1045 luto
717 1004 816 1055 ficti,
843 1004 1125 1062 scelerumque
1156 1016 1391 1048 nostrorum
1422 1024 1516 1049 con-

123 1070 290 1112 scientia
320 1071 518 1128 oppressi,
550 1071 668 1112 aditu
699 1087 782 1113 non
814 1072 1142 1128 prohibebimur,
1165 1089 1300 1129 neque
1333 1074 1515 1117 difficiles

123 1155 306 1180 accessus
321 1141 374 1181 ad
394 1139 591 1180 Divinam
612 1140 880 1196 majestatem,
900 1141 1072 1198 ejusque
1092 1141 1268 1197 gratiam
1289 1142 1407 1184 nobis
1421 1159 1515 1185 con-

123 1207 340 1249 ciliandam
362 1223 504 1249 sumus
525 1208 719 1249 habituri.

182 1276 248 1316 M.
281 1276 376 1316 Non
398 1290 497 1332 ergo
521 1285 568 1316 ut
599 1277 651 1317 ad
683 1276 918 1333 Principem
948 1278 1127 1333 aliquem
1162 1279 1435 1330 mundanum,
1457 1280 1515 1321 ita

122 1352 162 1384 et
183 1343 236 1383 ad
257 1344 396 1384 Deum
418 1343 637 1385 accessuris
658 1359 763 1400 opus
784 1353 845 1385 est
875 1344 1041 1386 homine
1071 1345 1212 1400 aliquo
1243 1346 1510 1395 internuntio,

123 1420 195 1452 aut
214 1411 451 1468 interprete,
473 1412 546 1468 qui
577 1427 650 1453 nos
679 1412 737 1452 illi
765 1413 1038 1463 commendet,
1061 1428 1310 1469 causamque
1331 1425 1512 1457 nostram

124 1489 317 1535 exponat.

180 1549 235 1587 A.
269 1547 385 1588 Nihil
417 1548 576 1595 minus,
610 1548 686 1588 nisi
717 1558 756 1589 et
779 1549 918 1589 Deum
940 1548 1153 1589 hominum
1176 1548 1329 1591 linstar
1363 1559 1410 1591 ut
1442 1551 1516 1591 uni

125 1614 214 1655 loco
244 1615 463 1665 inclusum,
496 1616 628 1656 multa
656 1615 733 1656 nisi
768 1631 842 1671 per
882 1631 1019 1656 servos
1049 1631 1144 1657 suos
1173 1617 1401 1673 intelligere
1431 1634 1514 1659 non

125 1698 256 1738 posse,
279 1683 342 1724 vel
364 1683 586 1725 dormitare
613 1683 836 1733 interdum,
860 1684 923 1724 vel
949 1699 1032 1724 non
1054 1684 1150 1724 satis
1170 1684 1241 1725 otii
1272 1685 1326 1726 ad
1356 1686 1516 1727 auscul-

126 1752 298 1792 tandum
345 1751 496 1792 habere
541 1760 797 1799 statuamus,
845 1766 940 1792 nam
981 1751 1095 1806 quod
1134 1752 1188 1792 ad
1227 1752 1515 1809 indignitatem

127 1827 306 1859 nostram
337 1818 496 1869 attinet,
529 1834 669 1874 preces
703 1827 877 1869 nostras,
908 1818 1023 1859 nulla
1054 1834 1097 1859 re
1133 1820 1252 1860 nobis
1282 1820 1416 1871 insita,
1444 1820 1517 1861 sed

127 1886 246 1927 unica
267 1895 300 1915 m
316 1886 485 1937 Christi,
507 1886 627 1942 cujus
658 1886 822 1927 nomine
853 1901 1083 1941 precamur,
1107 1886 1307 1943 dignitate
1328 1887 1403 1929 niti
1426 1888 1515 1944 jam

124 1954 315 1995 diximus.

184 2024 249 2063 M.
281 2024 398 2078 Ergo
419 2022 544 2063 solius
564 2022 731 2063 omnino
749 2022 902 2063 Christi
924 2022 1101 2071 nornine,
1119 2033 1244 2078 atquc
1264 2024 1416 2065 fiducia
1437 2026 1516 2065 Pa-

126 2099 229 2130 trem
252 2091 391 2131 Deum
411 2090 687 2131 invocandum
709 2105 794 2131 esse
814 2093 982 2130 censes?

184 2160 242 2198 A.
276 2159 413 2208 Certe,
436 2160 697 2214 Praeceptor;
733 2158 842 2198 solus
863 2157 968 2198 enim
999 2157 1066 2198 ille
1093 2174 1219 2214 supra
1247 2159 1346 2200 alios
1376 2174 1517 2200 omnes

128 2225 323 2282 singulari
355 2241 429 2266 nos
460 2235 630 2267 lnamore
661 2226 960 2282 complectitur,
984 2235 1030 2266 ut
1060 2226 1198 2267 omnia
1228 2235 1366 2268 nostra
1395 2242 1518 2268 causa

128 2293 249 2340 velit3
284 2293 394 2335 solus
421 2304 481 2335 cst
511 2294 624 2350 apud
655 2296 795 2335 Deum
818 2295 1000 2344 Patrem,
1023 2294 1089 2334 cui
1110 2294 1162 2335 ad
1185 2294 1397 2335 dexteram
1422 2295 1519 2335 assi-

129 2361 213 2410 det,
235 2370 254 2389 0
266 2361 596 2418 gratiosissimus,
619 2372 666 2403 ut
686 2361 851 2417 quidvis
871 2362 923 2402 ab
944 2377 992 2402 eo
1023 2361 1242 2417 impetrare
1271 2362 1422 2418 possit3
1457 2378 1518 2403 so-

129 2428 193 2469 lus
223 2443 323 2484 ergo
354 2428 555 2470 mediator
576 2429 655 2470 Dei
683 2439 724 2470 et
755 2428 983 2478 hominum,
1006 2429 1130 2469 homo
1151 2430 1180 2469 J
1184 2444 1276 2469 esus
1298 2429 1513 2477 Christus,

130 2496 240 2538 solus
273 2497 455 2553 inquam,
484 2507 531 2538 ut
561 2497 866 2553 redemptionis,
900 2497 955 2538 sic
987 2507 1025 2538 et
1060 2497 1326 2539 invocationis
1361 2499 1428 2551 (ut
1462 2499 1519 2540 ita

173 2618 186 2639 '‘
204 2620 300 2650 Joan.
319 2620 382 2650 xiv.
399 2629 428 2655 2,
446 2630 480 2659 3,
503 2630 551 2658 13·
575 2620 640 2650 xvi.
659 2629 707 2658 23.
744 2620 860 2659 Ephes.
878 2620 912 2650 ii.
935 2619 982 2650 18.
1010 2628 1021 2648 1
1041 2619 1128 2650 Tim.
1145 2620 1179 2650 ii.
1196 2628 1225 2660 5.
1252 2621 1335 2652 Heb.
1352 2621 1394 2651 iv.
1414 2620 1461 2651 16.
1486 2632 1517 2653 x.

133 2683 183 2713 19,
201 2683 252 2711 20,
271 2683 321 2705 22.
485 2673 526 2713 ¹3
545 2674 623 2714 Reg.
641 2674 729 2704 xviii.
750 2682 800 2713 27·
829 2674 911 2704 Psal.
929 2674 1040 2703 xxxiii.
1061 2683 1111 2713 13,
1131 2683 1178 2711 ¹4·
1203 2675 1278 2705 xliv.
1299 2682 1328 2714 7,
1346 2685 1378 2715 9,
1401 2685 1451 2711 10,
1470 2685 1517 2706 11.

129 2733 149 2746 ¹¹·
166 2727 262 2757 duan.
278 2738 328 2757 xv.
347 2727 394 2758 16.
420 2728 483 2757 xvi.
503 2736 554 2764 23,
574 2737 625 2765 24,
647 2735 700 2766 25,
718 2727 767 2757 26.
922 2733 934 2746 ¹¹
951 2728 1048 2758 ζ10311.
1066 2737 1119 2757 xv.
1138 2737 1170 2767 9,
1194 2738 1241 2767 13.
1267 2729 1361 2760 Rom.
1379 2729 1443 2759 viii.
1468 2737 1517 2768 17,

136 2780 184 2814 18,
202 2790 250 2820 19-
277 2781 390 2820 Ephe&
407 2792 435 2811 v.
454 2790 484 2817 2,
504 2789 554 2819 25.
645 2788 657 2798 ⁰
677 2781 756 2810 Mat.
772 2780 818 2810 iii.
837 2787 885 2819 17.
910 2779 964 2810 xii.
986 2780 1033 2809 18.
1059 2781 1151 2810 Rom.
1167 2781 1232 2811 viii.
1250 2791 1301 2819 34.

191 2847 284 2873 voli.
306 2849 332 2873 1.
824 2848 845 2872 U
