<?xml version="1.0" encoding="UTF-8"?>
<!DOCTYPE html PUBLIC "-//W3C//DTD XHTML 1.0 Transitional//EN"
    "http://www.w3.org/TR/xhtml1/DTD/xhtml1-transitional.dtd">
<html xmlns="http://www.w3.org/1999/xhtml" xml:lang="en" lang="en">
 <head>
  <title>
</title>
<meta http-equiv="Content-Type" content="text/html;charset=utf-8" />
  <meta name='ocr-system' content='tesseract 3.04.00' />
  <meta name='ocr-capabilities' content='ocr_page ocr_carea ocr_par ocr_line ocrx_word'/>
</head>
<body>
  <div class='ocr_page' id='page_1' title='image "./enchiridiontheol01rand_0199.png"; bbox 0 0 1799 3077; ppageno 0'>
   <div class='ocr_carea' id='block_1_1' title="bbox 508 113 1502 162">
    <p class='ocr_par' dir='ltr' id='par_1_1' title="bbox 508 113 1502 162">
     <span class='ocr_line' id='line_1_1' title="bbox 508 113 1502 162; baseline 0.008 -8"><span class='ocrx_word' id='word_1_1' title='bbox 508 113 737 155; x_wconf 90' lang='lat' dir='ltr'>JUELLI</span> <span class='ocrx_word' id='word_1_2' title='bbox 771 113 1107 155; x_wconf 87' lang='lat' dir='ltr'>APOLOGIA.</span> <span class='ocrx_word' id='word_1_3' title='bbox 1422 122 1502 162; x_wconf 77' lang='lat'>185</span> 
     </span>
    </p>
   </div>
   <div class='ocr_carea' id='block_1_2' title="bbox 118 224 1517 2781">
    <p class='ocr_par' dir='ltr' id='par_1_2' title="bbox 118 224 1517 2781">
     <span class='ocr_line' id='line_1_2' title="bbox 121 224 1505 283; baseline -0.001 -16"><span class='ocrx_word' id='word_1_4' title='bbox 121 226 410 268; x_wconf 81' lang='lat' dir='ltr'>deliberatione</span> <span class='ocrx_word' id='word_1_5' title='bbox 440 224 637 273; x_wconf 74' lang='lat' dir='ltr'>fecimus3</span> <span class='ocrx_word' id='word_1_6' title='bbox 681 240 816 282; x_wconf 91' lang='lat' dir='ltr'>neque</span> <span class='ocrx_word' id='word_1_7' title='bbox 852 226 895 267; x_wconf 89' lang='lat' dir='ltr'>id</span> <span class='ocrx_word' id='word_1_8' title='bbox 925 241 1111 283; x_wconf 90' lang='lat' dir='ltr'>unquam</span> <span class='ocrx_word' id='word_1_9' title='bbox 1141 226 1323 268; x_wconf 90' lang='lat' dir='ltr'>animum</span> <span class='ocrx_word' id='word_1_10' title='bbox 1358 228 1505 272; x_wconf 77' lang='lat' dir='ltr'>indux-</span> 
     </span>
     <span class='ocr_line' id='line_1_3' title="bbox 120 292 1506 350; baseline 0.004 -16"><span class='ocrx_word' id='word_1_11' title='bbox 120 293 291 335; x_wconf 83' lang='lat' dir='ltr'>issemus</span> <span class='ocrx_word' id='word_1_12' title='bbox 315 294 463 343; x_wconf 88' lang='lat' dir='ltr'>facere,</span> <span class='ocrx_word' id='word_1_13' title='bbox 494 292 571 333; x_wconf 85' lang='lat' dir='ltr'>nisi</span> <span class='ocrx_word' id='word_1_14' title='bbox 601 308 674 334; x_wconf 88' lang='lat' dir='ltr'>nos</span> <span class='ocrx_word' id='word_1_15' title='bbox 704 303 745 334; x_wconf 90' lang='lat' dir='ltr'>et</span> <span class='ocrx_word' id='word_1_16' title='bbox 774 294 1005 345; x_wconf 88' lang='lat' dir='ltr'>manifesta,</span> <span class='ocrx_word' id='word_1_17' title='bbox 1026 304 1153 350; x_wconf 90' lang='lat' dir='ltr'>atque</span> <span class='ocrx_word' id='word_1_18' title='bbox 1179 293 1411 336; x_wconf 87' lang='lat' dir='ltr'>indubitata</span> <span class='ocrx_word' id='word_1_19' title='bbox 1437 313 1506 339; x_wconf 90' lang='lat' dir='ltr'>vo-</span> 
     </span>
     <span class='ocr_line' id='line_1_4' title="bbox 118 360 1507 418; baseline 0.002 -16"><span class='ocrx_word' id='word_1_20' title='bbox 118 361 256 402; x_wconf 82' lang='lat' dir='ltr'>luntas</span> <span class='ocrx_word' id='word_1_21' title='bbox 276 360 358 402; x_wconf 89' lang='lat' dir='ltr'>Dei</span> <span class='ocrx_word' id='word_1_22' title='bbox 387 360 504 401; x_wconf 91' lang='lat' dir='ltr'>nobis</span> <span class='ocrx_word' id='word_1_23' title='bbox 533 360 576 400; x_wconf 92' lang='lat' dir='ltr'>in</span> <span class='ocrx_word' id='word_1_24' title='bbox 605 361 868 402; x_wconf 85' lang='lat' dir='ltr'>sacrosanctis</span> <span class='ocrx_word' id='word_1_25' title='bbox 895 362 1118 418; x_wconf 87' lang='lat' dir='ltr'>Scripturis</span> <span class='ocrx_word' id='word_1_26' title='bbox 1145 362 1364 418; x_wconf 86' lang='lat' dir='ltr'>patefacta,</span> <span class='ocrx_word' id='word_1_27' title='bbox 1387 372 1427 405; x_wconf 88' lang='lat' dir='ltr'>et</span> <span class='ocrx_word' id='word_1_28' title='bbox 1447 380 1507 405; x_wconf 84' lang='lat' dir='ltr'>sa-</span> 
     </span>
     <span class='ocr_line' id='line_1_5' title="bbox 118 428 1508 484; baseline 0.002 -15"><span class='ocrx_word' id='word_1_29' title='bbox 118 429 219 469; x_wconf 89' lang='lat' dir='ltr'>lutis</span> <span class='ocrx_word' id='word_1_30' title='bbox 248 438 398 469; x_wconf 87' lang='lat' dir='ltr'>nostrae</span> <span class='ocrx_word' id='word_1_31' title='bbox 418 428 523 470; x_wconf 87' lang='lat' dir='ltr'>ratio</span> <span class='ocrx_word' id='word_1_32' title='bbox 548 429 755 484; x_wconf 86' lang='lat' dir='ltr'>coegisset.</span> <span class='ocrx_word' id='word_1_33' title='bbox 816 429 909 470; x_wconf 90' lang='lat' dir='ltr'>Etsi</span> <span class='ocrx_word' id='word_1_34' title='bbox 940 429 1048 471; x_wconf 88' lang='lat' dir='ltr'>enim</span> <span class='ocrx_word' id='word_1_35' title='bbox 1069 429 1328 471; x_wconf 83' lang='lat' dir='ltr'>discessimus</span> <span class='ocrx_word' id='word_1_36' title='bbox 1357 431 1410 471; x_wconf 84' lang='lat' dir='ltr'>ab</span> <span class='ocrx_word' id='word_1_37' title='bbox 1439 431 1508 473; x_wconf 88' lang='lat' dir='ltr'>illa</span> 
     </span>
     <span class='ocr_line' id='line_1_6' title="bbox 119 496 1508 552; baseline 0.002 -16"><span class='ocrx_word' id='word_1_38' title='bbox 119 496 316 546; x_wconf 82' lang='lat' dir='ltr'>Ecclesia,</span> <span class='ocrx_word' id='word_1_39' title='bbox 348 511 474 552; x_wconf 87' lang='lat' dir='ltr'>quam</span> <span class='ocrx_word' id='word_1_40' title='bbox 503 496 570 537; x_wconf 89' lang='lat' dir='ltr'>isti</span> <span class='ocrx_word' id='word_1_41' title='bbox 598 496 809 552; x_wconf 88' lang='lat' dir='ltr'>appellant</span> <span class='ocrx_word' id='word_1_42' title='bbox 840 497 1110 548; x_wconf 90' lang='lat' dir='ltr'>Catholicam,</span> <span class='ocrx_word' id='word_1_43' title='bbox 1143 506 1184 538; x_wconf 91' lang='lat' dir='ltr'>et</span> <span class='ocrx_word' id='word_1_44' title='bbox 1220 513 1268 538; x_wconf 90' lang='lat' dir='ltr'>ea</span> <span class='ocrx_word' id='word_1_45' title='bbox 1301 513 1360 548; x_wconf 88' lang='lat' dir='ltr'>re,</span> <span class='ocrx_word' id='word_1_46' title='bbox 1391 499 1508 540; x_wconf 91' lang='lat' dir='ltr'>nobis</span> 
     </span>
     <span class='ocr_line' id='line_1_7' title="bbox 119 563 1510 621; baseline 0.001 -16"><span class='ocrx_word' id='word_1_47' title='bbox 119 564 234 620; x_wconf 89' lang='lat' dir='ltr'>apud</span> <span class='ocrx_word' id='word_1_48' title='bbox 263 563 353 604; x_wconf 89' lang='lat' dir='ltr'>illos</span> <span class='ocrx_word' id='word_1_49' title='bbox 373 564 445 620; x_wconf 90' lang='lat' dir='ltr'>qui</span> <span class='ocrx_word' id='word_1_50' title='bbox 470 563 658 620; x_wconf 87' lang='lat' dir='ltr'>judicare</span> <span class='ocrx_word' id='word_1_51' title='bbox 687 580 770 605; x_wconf 92' lang='lat' dir='ltr'>non</span> <span class='ocrx_word' id='word_1_52' title='bbox 801 574 989 621; x_wconf 85' lang='lat' dir='ltr'>possunt,</span> <span class='ocrx_word' id='word_1_53' title='bbox 1018 565 1216 606; x_wconf 91' lang='lat' dir='ltr'>invidiam</span> <span class='ocrx_word' id='word_1_54' title='bbox 1247 566 1419 616; x_wconf 87' lang='lat' dir='ltr'>faciunt,</span> <span class='ocrx_word' id='word_1_55' title='bbox 1451 575 1510 608; x_wconf 89' lang='lat' dir='ltr'>ta-</span> 
     </span>
     <span class='ocr_line' id='line_1_8' title="bbox 120 630 1509 689; baseline 0.002 -18"><span class='ocrx_word' id='word_1_56' title='bbox 120 646 214 672; x_wconf 91' lang='lat' dir='ltr'>men</span> <span class='ocrx_word' id='word_1_57' title='bbox 236 630 279 672; x_wconf 90' lang='lat' dir='ltr'>id</span> <span class='ocrx_word' id='word_1_58' title='bbox 297 631 394 672; x_wconf 89' lang='lat' dir='ltr'>satis</span> <span class='ocrx_word' id='word_1_59' title='bbox 419 640 480 672; x_wconf 89' lang='lat' dir='ltr'>est</span> <span class='ocrx_word' id='word_1_60' title='bbox 507 631 638 682; x_wconf 88' lang='lat' dir='ltr'>nobis,</span> <span class='ocrx_word' id='word_1_61' title='bbox 661 632 840 688; x_wconf 86' lang='lat' dir='ltr'>satisque</span> <span class='ocrx_word' id='word_1_62' title='bbox 870 648 955 673; x_wconf 89' lang='lat' dir='ltr'>esse</span> <span class='ocrx_word' id='word_1_63' title='bbox 987 633 1109 674; x_wconf 85' lang='lat' dir='ltr'>debet</span> <span class='ocrx_word' id='word_1_64' title='bbox 1134 633 1290 673; x_wconf 88' lang='lat' dir='ltr'>homini</span> <span class='ocrx_word' id='word_1_65' title='bbox 1314 633 1509 689; x_wconf 86' lang='lat' dir='ltr'>prudenti</span> 
     </span>
     <span class='ocr_line' id='line_1_9' title="bbox 121 699 1511 756; baseline 0.002 -17"><span class='ocrx_word' id='word_1_66' title='bbox 121 709 162 740; x_wconf 89' lang='lat' dir='ltr'>et</span> <span class='ocrx_word' id='word_1_67' title='bbox 190 699 275 755; x_wconf 90' lang='lat' dir='ltr'>pio,</span> <span class='ocrx_word' id='word_1_68' title='bbox 298 709 338 740; x_wconf 89' lang='lat' dir='ltr'>et</span> <span class='ocrx_word' id='word_1_69' title='bbox 364 699 416 739; x_wconf 90' lang='lat' dir='ltr'>de</span> <span class='ocrx_word' id='word_1_70' title='bbox 443 708 596 740; x_wconf 80' lang='lat' dir='ltr'>aeterna</span> <span class='ocrx_word' id='word_1_71' title='bbox 626 699 710 740; x_wconf 91' lang='lat' dir='ltr'>vita</span> <span class='ocrx_word' id='word_1_72' title='bbox 739 700 949 756; x_wconf 83' lang='lat' dir='ltr'>cogitanti,</span> <span class='ocrx_word' id='word_1_73' title='bbox 971 716 1046 742; x_wconf 91' lang='lat' dir='ltr'>nos</span> <span class='ocrx_word' id='word_1_74' title='bbox 1072 701 1125 742; x_wconf 93' lang='lat' dir='ltr'>ab</span> <span class='ocrx_word' id='word_1_75' title='bbox 1153 716 1201 741; x_wconf 91' lang='lat' dir='ltr'>ea</span> <span class='ocrx_word' id='word_1_76' title='bbox 1226 700 1412 742; x_wconf 86' lang='lat' dir='ltr'>Ecclesia</span> <span class='ocrx_word' id='word_1_77' title='bbox 1431 701 1511 742; x_wconf 89' lang='lat' dir='ltr'>dis-</span> 
     </span>
     <span class='ocr_line' id='line_1_10' title="bbox 120 766 1510 824; baseline 0.002 -18"><span class='ocrx_word' id='word_1_78' title='bbox 120 766 299 816; x_wconf 86' lang='lat' dir='ltr'>cessisse,</span> <span class='ocrx_word' id='word_1_79' title='bbox 322 782 417 822; x_wconf 90' lang='lat' dir='ltr'>quae</span> <span class='ocrx_word' id='word_1_80' title='bbox 438 781 572 807; x_wconf 88' lang='lat' dir='ltr'>errare</span> <span class='ocrx_word' id='word_1_81' title='bbox 592 767 788 822; x_wconf 89' lang='lat' dir='ltr'>potuerit,</span> <span class='ocrx_word' id='word_1_82' title='bbox 806 783 930 823; x_wconf 91' lang='lat' dir='ltr'>quam</span> <span class='ocrx_word' id='word_1_83' title='bbox 954 768 1158 819; x_wconf 87' lang='lat' dir='ltr'>Christus,</span> <span class='ocrx_word' id='word_1_84' title='bbox 1180 768 1253 824; x_wconf 93' lang='lat' dir='ltr'>qui</span> <span class='ocrx_word' id='word_1_85' title='bbox 1273 784 1407 809; x_wconf 87' lang='lat' dir='ltr'>errare</span> <span class='ocrx_word' id='word_1_86' title='bbox 1427 784 1510 810; x_wconf 94' lang='lat' dir='ltr'>non</span> 
     </span>
     <span class='ocr_line' id='line_1_11' title="bbox 121 834 1510 892; baseline 0.002 -18"><span class='ocrx_word' id='word_1_87' title='bbox 121 842 271 890; x_wconf 90' lang='lat' dir='ltr'>potest,</span> <span class='ocrx_word' id='word_1_88' title='bbox 294 842 409 874; x_wconf 89' lang='lat' dir='ltr'>tanto</span> <span class='ocrx_word' id='word_1_89' title='bbox 437 843 532 874; x_wconf 89' lang='lat' dir='ltr'>ante</span> <span class='ocrx_word' id='word_1_90' title='bbox 562 834 800 890; x_wconf 74' lang='lat' dir='ltr'>praedixerit</span> <span class='ocrx_word' id='word_1_91' title='bbox 830 844 1071 885; x_wconf 89' lang='lat' dir='ltr'>erraturam,</span> <span class='ocrx_word' id='word_1_92' title='bbox 1093 851 1302 892; x_wconf 90' lang='lat' dir='ltr'>quamque</span> <span class='ocrx_word' id='word_1_93' title='bbox 1329 852 1404 877; x_wconf 91' lang='lat' dir='ltr'>nos</span> <span class='ocrx_word' id='word_1_94' title='bbox 1433 836 1510 892; x_wconf 85' lang='lat' dir='ltr'>ipsi</span> 
     </span>
     <span class='ocr_line' id='line_1_12' title="bbox 120 897 1511 960; baseline 0.002 -18"><span class='ocrx_word' id='word_1_95' title='bbox 120 901 250 943; x_wconf 88' lang='lat' dir='ltr'>oculis</span> <span class='ocrx_word' id='word_1_96' title='bbox 281 901 496 958; x_wconf 88' lang='lat' dir='ltr'>perspicue</span> <span class='ocrx_word' id='word_1_97' title='bbox 519 897 761 943; x_wconf 89' lang='lat' dir='ltr'>videbamus</span> <span class='ocrx_word' id='word_1_98' title='bbox 791 918 816 943; x_wconf 90' lang='lat' dir='ltr'>a</span> <span class='ocrx_word' id='word_1_99' title='bbox 846 903 994 944; x_wconf 89' lang='lat' dir='ltr'>sanctis</span> <span class='ocrx_word' id='word_1_100' title='bbox 1024 904 1233 955; x_wconf 89' lang='lat' dir='ltr'>Patribus,</span> <span class='ocrx_word' id='word_1_101' title='bbox 1254 905 1307 945; x_wconf 90' lang='lat' dir='ltr'>ab</span> <span class='ocrx_word' id='word_1_102' title='bbox 1328 906 1511 960; x_wconf 87' lang='lat' dir='ltr'>Aposto-</span> 
     </span>
     <span class='ocr_line' id='line_1_13' title="bbox 123 969 1512 1025; baseline 0.001 -15"><span class='ocrx_word' id='word_1_103' title='bbox 123 969 186 1020; x_wconf 90' lang='lat' dir='ltr'>lis,</span> <span class='ocrx_word' id='word_1_104' title='bbox 219 985 244 1010; x_wconf 91' lang='lat' dir='ltr'>a</span> <span class='ocrx_word' id='word_1_105' title='bbox 275 969 442 1011; x_wconf 88' lang='lat' dir='ltr'>Christo</span> <span class='ocrx_word' id='word_1_106' title='bbox 470 969 574 1025; x_wconf 90' lang='lat' dir='ltr'>ipso,</span> <span class='ocrx_word' id='word_1_107' title='bbox 606 985 631 1010; x_wconf 91' lang='lat' dir='ltr'>a</span> <span class='ocrx_word' id='word_1_108' title='bbox 658 969 868 1025; x_wconf 87' lang='lat' dir='ltr'>primitiva</span> <span class='ocrx_word' id='word_1_109' title='bbox 898 979 939 1012; x_wconf 89' lang='lat' dir='ltr'>et</span> <span class='ocrx_word' id='word_1_110' title='bbox 970 971 1184 1012; x_wconf 89' lang='lat' dir='ltr'>Catholica</span> <span class='ocrx_word' id='word_1_111' title='bbox 1215 972 1400 1013; x_wconf 81' lang='lat' dir='ltr'>Ecclesia</span> <span class='ocrx_word' id='word_1_112' title='bbox 1432 972 1512 1013; x_wconf 91' lang='lat' dir='ltr'>dis-</span> 
     </span>
     <span class='ocr_line' id='line_1_14' title="bbox 122 1037 1509 1095; baseline 0.001 -17"><span class='ocrx_word' id='word_1_113' title='bbox 122 1037 297 1078; x_wconf 89' lang='lat' dir='ltr'>cessisse.</span> <span class='ocrx_word' id='word_1_114' title='bbox 358 1037 620 1078; x_wconf 90' lang='lat' dir='ltr'>Accessimus</span> <span class='ocrx_word' id='word_1_115' title='bbox 652 1046 791 1079; x_wconf 88' lang='lat' dir='ltr'>autem</span> <span class='ocrx_word' id='word_1_116' title='bbox 828 1046 1032 1094; x_wconf 88' lang='lat' dir='ltr'>quantum</span> <span class='ocrx_word' id='word_1_117' title='bbox 1069 1039 1247 1080; x_wconf 86' lang='lat' dir='ltr'>maxime</span> <span class='ocrx_word' id='word_1_118' title='bbox 1282 1040 1509 1095; x_wconf 89' lang='lat' dir='ltr'>potuimus,</span> 
     </span>
     <span class='ocr_line' id='line_1_15' title="bbox 123 1104 1512 1163; baseline 0.001 -18"><span class='ocrx_word' id='word_1_119' title='bbox 123 1105 178 1145; x_wconf 87' lang='lat' dir='ltr'>ad</span> <span class='ocrx_word' id='word_1_120' title='bbox 204 1104 432 1146; x_wconf 87' lang='lat' dir='ltr'>Ecclesiam</span> <span class='ocrx_word' id='word_1_121' title='bbox 453 1106 769 1162; x_wconf 85' lang='lat' dir='ltr'>Apostolorum,</span> <span class='ocrx_word' id='word_1_122' title='bbox 791 1114 832 1147; x_wconf 87' lang='lat' dir='ltr'>et</span> <span class='ocrx_word' id='word_1_123' title='bbox 864 1115 1046 1148; x_wconf 90' lang='lat' dir='ltr'>veterum</span> <span class='ocrx_word' id='word_1_124' title='bbox 1070 1107 1379 1148; x_wconf 88' lang='lat' dir='ltr'>Catholicorum</span> <span class='ocrx_word' id='word_1_125' title='bbox 1410 1106 1512 1163; x_wconf 88' lang='lat' dir='ltr'>Epi-</span> 
     </span>
     <span class='ocr_line' id='line_1_16' title="bbox 124 1174 1510 1231; baseline 0.001 -18"><span class='ocrx_word' id='word_1_126' title='bbox 124 1187 356 1229; x_wconf 89' lang='lat' dir='ltr'>scoporum,</span> <span class='ocrx_word' id='word_1_127' title='bbox 378 1182 419 1214; x_wconf 90' lang='lat' dir='ltr'>et</span> <span class='ocrx_word' id='word_1_128' title='bbox 442 1175 631 1224; x_wconf 90' lang='lat' dir='ltr'>Patrum,</span> <span class='ocrx_word' id='word_1_129' title='bbox 654 1189 781 1229; x_wconf 89' lang='lat' dir='ltr'>quam</span> <span class='ocrx_word' id='word_1_130' title='bbox 811 1174 960 1215; x_wconf 91' lang='lat' dir='ltr'>scimus</span> <span class='ocrx_word' id='word_1_131' title='bbox 986 1174 1123 1215; x_wconf 90' lang='lat' dir='ltr'>adhuc</span> <span class='ocrx_word' id='word_1_132' title='bbox 1143 1174 1269 1215; x_wconf 88' lang='lat' dir='ltr'>fuisse</span> <span class='ocrx_word' id='word_1_133' title='bbox 1292 1175 1510 1231; x_wconf 87' lang='lat' dir='ltr'>integram,</span> 
     </span>
     <span class='ocr_line' id='line_1_17' title="bbox 124 1240 1512 1298; baseline 0.001 -17"><span class='ocrx_word' id='word_1_134' title='bbox 124 1250 256 1296; x_wconf 88' lang='lat' dir='ltr'>utque</span> <span class='ocrx_word' id='word_1_135' title='bbox 289 1240 573 1282; x_wconf 87' lang='lat' dir='ltr'>Tertullianus</span> <span class='ocrx_word' id='word_1_136' title='bbox 605 1241 675 1292; x_wconf 86' lang='lat' dir='ltr'>ait,</span> <span class='ocrx_word' id='word_1_137' title='bbox 706 1241 988 1298; x_wconf 85' lang='lat' dir='ltr'>incorruptam</span> <span class='ocrx_word' id='word_1_138' title='bbox 1022 1242 1235 1298; x_wconf 86' lang='lat' dir='ltr'>virginem,</span> <span class='ocrx_word' id='word_1_139' title='bbox 1267 1242 1380 1283; x_wconf 88' lang='lat' dir='ltr'>nulla</span> <span class='ocrx_word' id='word_1_140' title='bbox 1410 1243 1512 1284; x_wconf 89' lang='lat' dir='ltr'>dum</span> 
     </span>
     <span class='ocr_line' id='line_1_18' title="bbox 124 1307 1513 1366; baseline 0.001 -18"><span class='ocrx_word' id='word_1_141' title='bbox 124 1307 368 1359; x_wconf 87' lang='lat' dir='ltr'>idololatria,</span> <span class='ocrx_word' id='word_1_142' title='bbox 390 1323 464 1350; x_wconf 87' lang='lat' dir='ltr'>nec</span> <span class='ocrx_word' id='word_1_143' title='bbox 493 1324 628 1349; x_wconf 92' lang='lat' dir='ltr'>errore</span> <span class='ocrx_word' id='word_1_144' title='bbox 658 1309 773 1365; x_wconf 87' lang='lat' dir='ltr'>gravi</span> <span class='ocrx_word' id='word_1_145' title='bbox 795 1325 842 1350; x_wconf 89' lang='lat' dir='ltr'>ac</span> <span class='ocrx_word' id='word_1_146' title='bbox 868 1309 1035 1366; x_wconf 91' lang='lat' dir='ltr'>publico</span> <span class='ocrx_word' id='word_1_147' title='bbox 1063 1309 1405 1357; x_wconf 79' lang='lat' dir='ltr'>contaminatam3</span> <span class='ocrx_word' id='word_1_148' title='bbox 1438 1325 1513 1351; x_wconf 89' lang='lat' dir='ltr'>nec</span> 
     </span>
     <span class='ocr_line' id='line_1_19' title="bbox 126 1376 1514 1433; baseline 0.001 -17"><span class='ocrx_word' id='word_1_149' title='bbox 126 1384 287 1416; x_wconf 84' lang='lat' dir='ltr'>tantum</span> <span class='ocrx_word' id='word_1_150' title='bbox 308 1376 535 1417; x_wconf 87' lang='lat' dir='ltr'>doctrinam</span> <span class='ocrx_word' id='word_1_151' title='bbox 558 1386 754 1427; x_wconf 89' lang='lat' dir='ltr'>nostram,</span> <span class='ocrx_word' id='word_1_152' title='bbox 776 1377 848 1418; x_wconf 93' lang='lat' dir='ltr'>sed</span> <span class='ocrx_word' id='word_1_153' title='bbox 875 1377 998 1418; x_wconf 89' lang='lat' dir='ltr'>etiam</span> <span class='ocrx_word' id='word_1_154' title='bbox 1029 1378 1304 1427; x_wconf 83' lang='lat' dir='ltr'>Sacramenta,</span> <span class='ocrx_word' id='word_1_155' title='bbox 1325 1392 1514 1433; x_wconf 86' lang='lat' dir='ltr'>precum-</span> 
     </span>
     <span class='ocr_line' id='line_1_20' title="bbox 125 1444 1513 1500; baseline 0.001 -16"><span class='ocrx_word' id='word_1_156' title='bbox 125 1459 208 1499; x_wconf 89' lang='lat' dir='ltr'>que</span> <span class='ocrx_word' id='word_1_157' title='bbox 238 1444 501 1500; x_wconf 88' lang='lat' dir='ltr'>publicarum</span> <span class='ocrx_word' id='word_1_158' title='bbox 531 1445 721 1495; x_wconf 91' lang='lat' dir='ltr'>formam,</span> <span class='ocrx_word' id='word_1_159' title='bbox 752 1445 804 1486; x_wconf 89' lang='lat' dir='ltr'>ad</span> <span class='ocrx_word' id='word_1_160' title='bbox 836 1445 1000 1486; x_wconf 90' lang='lat' dir='ltr'>illorum</span> <span class='ocrx_word' id='word_1_161' title='bbox 1030 1444 1135 1486; x_wconf 88' lang='lat' dir='ltr'>ritus</span> <span class='ocrx_word' id='word_1_162' title='bbox 1166 1454 1207 1485; x_wconf 90' lang='lat' dir='ltr'>et</span> <span class='ocrx_word' id='word_1_163' title='bbox 1234 1445 1424 1486; x_wconf 91' lang='lat' dir='ltr'>instituta</span> <span class='ocrx_word' id='word_1_164' title='bbox 1452 1445 1513 1486; x_wconf 90' lang='lat' dir='ltr'>di-</span> 
     </span>
     <span class='ocr_line' id='line_1_21' title="bbox 126 1511 1512 1569; baseline 0.001 -17"><span class='ocrx_word' id='word_1_165' title='bbox 126 1511 332 1559; x_wconf 78' lang='lat' dir='ltr'>reximus3</span> <span class='ocrx_word' id='word_1_166' title='bbox 366 1521 495 1567; x_wconf 88' lang='lat' dir='ltr'>utque</span> <span class='ocrx_word' id='word_1_167' title='bbox 517 1512 731 1553; x_wconf 89' lang='lat' dir='ltr'>Christum</span> <span class='ocrx_word' id='word_1_168' title='bbox 757 1512 908 1568; x_wconf 92' lang='lat' dir='ltr'>ipsum,</span> <span class='ocrx_word' id='word_1_169' title='bbox 930 1521 971 1553; x_wconf 88' lang='lat' dir='ltr'>et</span> <span class='ocrx_word' id='word_1_170' title='bbox 991 1526 1131 1553; x_wconf 88' lang='lat' dir='ltr'>omnes</span> <span class='ocrx_word' id='word_1_171' title='bbox 1150 1513 1236 1554; x_wconf 88' lang='lat' dir='ltr'>fere</span> <span class='ocrx_word' id='word_1_172' title='bbox 1262 1513 1351 1569; x_wconf 87' lang='lat' dir='ltr'>pios</span> <span class='ocrx_word' id='word_1_173' title='bbox 1370 1513 1512 1554; x_wconf 86' lang='lat' dir='ltr'>fecisse</span> 
     </span>
     <span class='ocr_line' id='line_1_22' title="bbox 127 1579 1513 1636; baseline 0.001 -17"><span class='ocrx_word' id='word_1_174' title='bbox 127 1579 289 1629; x_wconf 89' lang='lat' dir='ltr'>scimus,</span> <span class='ocrx_word' id='word_1_175' title='bbox 313 1579 572 1634; x_wconf 83' lang='lat' dir='ltr'>Religionem</span> <span class='ocrx_word' id='word_1_176' title='bbox 602 1579 655 1620; x_wconf 92' lang='lat' dir='ltr'>ab</span> <span class='ocrx_word' id='word_1_177' title='bbox 685 1579 771 1620; x_wconf 87' lang='lat' dir='ltr'>istis</span> <span class='ocrx_word' id='word_1_178' title='bbox 800 1579 977 1636; x_wconf 88' lang='lat' dir='ltr'>turpiter</span> <span class='ocrx_word' id='word_1_179' title='bbox 1007 1580 1235 1635; x_wconf 83' lang='lat' dir='ltr'>neglectam</span> <span class='ocrx_word' id='word_1_180' title='bbox 1255 1589 1295 1621; x_wconf 91' lang='lat' dir='ltr'>et</span> <span class='ocrx_word' id='word_1_181' title='bbox 1315 1580 1513 1636; x_wconf 88' lang='lat' dir='ltr'>deprava-</span> 
     </span>
     <span class='ocr_line' id='line_1_23' title="bbox 128 1646 1512 1702; baseline 0.001 -16"><span class='ocrx_word' id='word_1_182' title='bbox 128 1656 227 1696; x_wconf 86' lang='lat' dir='ltr'>tam,</span> <span class='ocrx_word' id='word_1_183' title='bbox 250 1647 303 1687; x_wconf 91' lang='lat' dir='ltr'>ad</span> <span class='ocrx_word' id='word_1_184' title='bbox 323 1646 521 1702; x_wconf 88' lang='lat' dir='ltr'>originem</span> <span class='ocrx_word' id='word_1_185' title='bbox 542 1655 584 1687; x_wconf 90' lang='lat' dir='ltr'>et</span> <span class='ocrx_word' id='word_1_186' title='bbox 603 1646 656 1687; x_wconf 86' lang='lat' dir='ltr'>ad</span> <span class='ocrx_word' id='word_1_187' title='bbox 676 1646 901 1702; x_wconf 87' lang='lat' dir='ltr'>primordia</span> <span class='ocrx_word' id='word_1_188' title='bbox 923 1647 1216 1688; x_wconf 89' lang='lat' dir='ltr'>revocavimus.</span> <span class='ocrx_word' id='word_1_189' title='bbox 1278 1648 1384 1688; x_wconf 88' lang='lat' dir='ltr'>Inde</span> <span class='ocrx_word' id='word_1_190' title='bbox 1405 1648 1512 1689; x_wconf 86' lang='lat' dir='ltr'>enim</span> 
     </span>
     <span class='ocr_line' id='line_1_24' title="bbox 127 1714 1513 1771; baseline 0.001 -17"><span class='ocrx_word' id='word_1_191' title='bbox 127 1714 366 1769; x_wconf 89' lang='lat' dir='ltr'>putavimus</span> <span class='ocrx_word' id='word_1_192' title='bbox 395 1714 731 1755; x_wconf 88' lang='lat' dir='ltr'>instaurationem</span> <span class='ocrx_word' id='word_1_193' title='bbox 761 1715 982 1771; x_wconf 89' lang='lat' dir='ltr'>petendam</span> <span class='ocrx_word' id='word_1_194' title='bbox 1002 1730 1102 1765; x_wconf 89' lang='lat' dir='ltr'>esse,</span> <span class='ocrx_word' id='word_1_195' title='bbox 1125 1715 1237 1756; x_wconf 92' lang='lat' dir='ltr'>unde</span> <span class='ocrx_word' id='word_1_196' title='bbox 1265 1715 1398 1771; x_wconf 87' lang='lat' dir='ltr'>prima</span> <span class='ocrx_word' id='word_1_197' title='bbox 1429 1717 1513 1757; x_wconf 89' lang='lat' dir='ltr'>Re-</span> 
     </span>
     <span class='ocr_line' id='line_1_25' title="bbox 128 1781 1514 1838; baseline 0.001 -16"><span class='ocrx_word' id='word_1_198' title='bbox 128 1781 290 1838; x_wconf 88' lang='lat' dir='ltr'>ligionis</span> <span class='ocrx_word' id='word_1_199' title='bbox 320 1782 436 1823; x_wconf 88' lang='lat' dir='ltr'>initia</span> <span class='ocrx_word' id='word_1_200' title='bbox 465 1782 592 1823; x_wconf 91' lang='lat' dir='ltr'>ducta</span> <span class='ocrx_word' id='word_1_201' title='bbox 622 1790 765 1823; x_wconf 87' lang='lat' dir='ltr'>essent.</span> <span class='ocrx_word' id='word_1_202' title='bbox 827 1784 934 1823; x_wconf 84' lang='lat' dir='ltr'>Haec</span> <span class='ocrx_word' id='word_1_203' title='bbox 964 1782 1072 1823; x_wconf 90' lang='lat' dir='ltr'>enim</span> <span class='ocrx_word' id='word_1_204' title='bbox 1101 1782 1220 1833; x_wconf 89' lang='lat' dir='ltr'>ratio,</span> <span class='ocrx_word' id='word_1_205' title='bbox 1247 1782 1383 1838; x_wconf 91' lang='lat' dir='ltr'>inquit</span> <span class='ocrx_word' id='word_1_206' title='bbox 1411 1783 1514 1825; x_wconf 91' lang='lat' dir='ltr'>anti-</span> 
     </span>
     <span class='ocr_line' id='line_1_26' title="bbox 129 1849 1514 1906; baseline 0.001 -16"><span class='ocrx_word' id='word_1_207' title='bbox 129 1849 350 1906; x_wconf 89' lang='lat' dir='ltr'>quissimus</span> <span class='ocrx_word' id='word_1_208' title='bbox 370 1859 487 1906; x_wconf 89' lang='lat' dir='ltr'>pater</span> <span class='ocrx_word' id='word_1_209' title='bbox 509 1849 941 1901; x_wconf 20' lang='lat' dir='ltr'>Tertullianus,uvalet</span> <span class='ocrx_word' id='word_1_210' title='bbox 970 1850 1168 1892; x_wconf 89' lang='lat' dir='ltr'>adversus</span> <span class='ocrx_word' id='word_1_211' title='bbox 1197 1866 1337 1892; x_wconf 90' lang='lat' dir='ltr'>omnes</span> <span class='ocrx_word' id='word_1_212' title='bbox 1368 1852 1514 1892; x_wconf 91' lang='lat' dir='ltr'>Haere-</span> 
     </span>
     <span class='ocr_line' id='line_1_27' title="bbox 131 1917 1514 1974; baseline 0.001 -16"><span class='ocrx_word' id='word_1_213' title='bbox 131 1933 215 1958; x_wconf 87' lang='lat' dir='ltr'>ses:</span> <span class='ocrx_word' id='word_1_214' title='bbox 250 1917 303 1958; x_wconf 83' lang='lat' dir='ltr'>Id</span> <span class='ocrx_word' id='word_1_215' title='bbox 332 1933 417 1958; x_wconf 88' lang='lat' dir='ltr'>esse</span> <span class='ocrx_word' id='word_1_216' title='bbox 443 1932 601 1967; x_wconf 88' lang='lat' dir='ltr'>verum,</span> <span class='ocrx_word' id='word_1_217' title='bbox 624 1917 903 1974; x_wconf 89' lang='lat' dir='ltr'>quodcunque</span> <span class='ocrx_word' id='word_1_218' title='bbox 933 1918 1140 1974; x_wconf 90' lang='lat' dir='ltr'>primum;</span> <span class='ocrx_word' id='word_1_219' title='bbox 1172 1918 1216 1958; x_wconf 91' lang='lat' dir='ltr'>id</span> <span class='ocrx_word' id='word_1_220' title='bbox 1246 1934 1330 1959; x_wconf 89' lang='lat' dir='ltr'>esse</span> <span class='ocrx_word' id='word_1_221' title='bbox 1356 1919 1514 1961; x_wconf 87' lang='lat' dir='ltr'>adulte-</span> 
     </span>
     <span class='ocr_line' id='line_1_28' title="bbox 130 1985 1515 2042; baseline 0.001 -17"><span class='ocrx_word' id='word_1_222' title='bbox 130 2000 224 2026; x_wconf 83' lang='lat' dir='ltr'>rum</span> <span class='ocrx_word' id='word_1_223' title='bbox 259 1985 538 2041; x_wconf 87' lang='lat' dir='ltr'>quodcunque</span> <span class='ocrx_word' id='word_1_224' title='bbox 567 1985 781 2040; x_wconf 88' lang='lat' dir='ltr'>posterius.</span> <span class='ocrx_word' id='word_1_225' title='bbox 844 1987 1030 2026; x_wconf 88' lang='lat' dir='ltr'>Irenaeus</span> <span class='ocrx_word' id='word_1_226' title='bbox 1065 2001 1172 2042; x_wconf 83' lang='lat' dir='ltr'>saepe</span> <span class='ocrx_word' id='word_1_227' title='bbox 1202 1986 1255 2026; x_wconf 90' lang='lat' dir='ltr'>ad</span> <span class='ocrx_word' id='word_1_228' title='bbox 1284 1986 1515 2042; x_wconf 89' lang='lat' dir='ltr'>antiquissi-</span> 
     </span>
     <span class='ocr_line' id='line_1_29' title="bbox 132 2051 1512 2108; baseline 0.001 -17"><span class='ocrx_word' id='word_1_229' title='bbox 132 2066 219 2092; x_wconf 90' lang='lat' dir='ltr'>mas</span> <span class='ocrx_word' id='word_1_230' title='bbox 248 2052 450 2093; x_wconf 89' lang='lat' dir='ltr'>Ecclesias</span> <span class='ocrx_word' id='word_1_231' title='bbox 479 2051 731 2108; x_wconf 90' lang='lat' dir='ltr'>provocavit,</span> <span class='ocrx_word' id='word_1_232' title='bbox 765 2067 859 2108; x_wconf 85' lang='lat' dir='ltr'>quae</span> <span class='ocrx_word' id='word_1_233' title='bbox 891 2052 1057 2093; x_wconf 90' lang='lat' dir='ltr'>Christo</span> <span class='ocrx_word' id='word_1_234' title='bbox 1086 2052 1260 2093; x_wconf 85' lang='lat' dir='ltr'>fuissent</span> <span class='ocrx_word' id='word_1_235' title='bbox 1286 2052 1512 2104; x_wconf 90' lang='lat' dir='ltr'>viciniores,</span> 
     </span>
     <span class='ocr_line' id='line_1_30' title="bbox 132 2119 1515 2174; baseline 0.001 -16"><span class='ocrx_word' id='word_1_236' title='bbox 132 2133 319 2174; x_wconf 85' lang='lat' dir='ltr'>quasque</span> <span class='ocrx_word' id='word_1_237' title='bbox 353 2119 545 2160; x_wconf 88' lang='lat' dir='ltr'>credibile</span> <span class='ocrx_word' id='word_1_238' title='bbox 578 2119 648 2159; x_wconf 87' lang='lat' dir='ltr'>vix</span> <span class='ocrx_word' id='word_1_239' title='bbox 684 2128 787 2160; x_wconf 88' lang='lat' dir='ltr'>esset</span> <span class='ocrx_word' id='word_1_240' title='bbox 821 2119 1026 2159; x_wconf 88' lang='lat' dir='ltr'>erravisse.</span> <span class='ocrx_word' id='word_1_241' title='bbox 1088 2120 1188 2159; x_wconf 86' lang='lat' dir='ltr'>Jam</span> <span class='ocrx_word' id='word_1_242' title='bbox 1218 2134 1328 2168; x_wconf 86' lang='lat' dir='ltr'>vero,</span> <span class='ocrx_word' id='word_1_243' title='bbox 1360 2135 1434 2159; x_wconf 91' lang='lat' dir='ltr'>cur</span> <span class='ocrx_word' id='word_1_244' title='bbox 1467 2135 1515 2160; x_wconf 89' lang='lat' dir='ltr'>ea</span> 
     </span>
     <span class='ocr_line' id='line_1_31' title="bbox 133 2186 1514 2242; baseline 0.001 -16"><span class='ocrx_word' id='word_1_245' title='bbox 133 2186 256 2226; x_wconf 88' lang='lat' dir='ltr'>hodie</span> <span class='ocrx_word' id='word_1_246' title='bbox 289 2186 392 2227; x_wconf 90' lang='lat' dir='ltr'>ratio</span> <span class='ocrx_word' id='word_1_247' title='bbox 422 2201 503 2227; x_wconf 93' lang='lat' dir='ltr'>non</span> <span class='ocrx_word' id='word_1_248' title='bbox 534 2186 692 2227; x_wconf 84' lang='lat' dir='ltr'>initur?</span> <span class='ocrx_word' id='word_1_249' title='bbox 738 2188 827 2227; x_wconf 90' lang='lat' dir='ltr'>Cur</span> <span class='ocrx_word' id='word_1_250' title='bbox 861 2187 914 2227; x_wconf 90' lang='lat' dir='ltr'>ad</span> <span class='ocrx_word' id='word_1_251' title='bbox 945 2186 1208 2242; x_wconf 87' lang='lat' dir='ltr'>antiquarum</span> <span class='ocrx_word' id='word_1_252' title='bbox 1239 2186 1514 2227; x_wconf 88' lang='lat' dir='ltr'>Ecclesiarum</span> 
     </span>
     <span class='ocr_line' id='line_1_32' title="bbox 135 2255 1514 2298; baseline 0 -1"><span class='ocrx_word' id='word_1_253' title='bbox 135 2257 441 2298; x_wconf 85' lang='lat' dir='ltr'>similitudinem</span> <span class='ocrx_word' id='word_1_254' title='bbox 472 2272 555 2298; x_wconf 90' lang='lat' dir='ltr'>non</span> <span class='ocrx_word' id='word_1_255' title='bbox 589 2257 800 2297; x_wconf 85' lang='lat' dir='ltr'>redimus?</span> <span class='ocrx_word' id='word_1_256' title='bbox 841 2258 930 2297; x_wconf 90' lang='lat' dir='ltr'>Cur</span> <span class='ocrx_word' id='word_1_257' title='bbox 958 2256 1001 2297; x_wconf 91' lang='lat' dir='ltr'>id</span> <span class='ocrx_word' id='word_1_258' title='bbox 1030 2272 1055 2296; x_wconf 92' lang='lat' dir='ltr'>a</span> <span class='ocrx_word' id='word_1_259' title='bbox 1085 2256 1202 2296; x_wconf 91' lang='lat' dir='ltr'>nobis</span> <span class='ocrx_word' id='word_1_260' title='bbox 1230 2255 1353 2296; x_wconf 90' lang='lat' dir='ltr'>hodie</span> <span class='ocrx_word' id='word_1_261' title='bbox 1381 2256 1514 2297; x_wconf 89' lang='lat' dir='ltr'>audiri</span> 
     </span>
     <span class='ocr_line' id='line_1_33' title="bbox 135 2322 1513 2380; baseline -0.002 -15"><span class='ocrx_word' id='word_1_262' title='bbox 135 2339 216 2365; x_wconf 89' lang='lat' dir='ltr'>non</span> <span class='ocrx_word' id='word_1_263' title='bbox 245 2333 395 2380; x_wconf 90' lang='lat' dir='ltr'>potest,</span> <span class='ocrx_word' id='word_1_264' title='bbox 416 2324 531 2379; x_wconf 90' lang='lat' dir='ltr'>quod</span> <span class='ocrx_word' id='word_1_265' title='bbox 560 2324 656 2365; x_wconf 89' lang='lat' dir='ltr'>olim</span> <span class='ocrx_word' id='word_1_266' title='bbox 687 2324 728 2364; x_wconf 92' lang='lat' dir='ltr'>in</span> <span class='ocrx_word' id='word_1_267' title='bbox 752 2323 935 2365; x_wconf 86' lang='lat' dir='ltr'>Concilio</span> <span class='ocrx_word' id='word_1_268' title='bbox 965 2323 1136 2372; x_wconf 88' lang='lat' dir='ltr'>Niceno,</span> <span class='ocrx_word' id='word_1_269' title='bbox 1159 2337 1184 2362; x_wconf 91' lang='lat' dir='ltr'>a</span> <span class='ocrx_word' id='word_1_270' title='bbox 1204 2330 1264 2363; x_wconf 85' lang='lat' dir='ltr'>tot</span> <span class='ocrx_word' id='word_1_271' title='bbox 1285 2322 1513 2379; x_wconf 86' lang='lat' dir='ltr'>Episcopis‚</span> 
     </span>
     <span class='ocr_line' id='line_1_34' title="bbox 136 2389 1514 2446; baseline -0.001 -14"><span class='ocrx_word' id='word_1_272' title='bbox 136 2400 177 2432; x_wconf 91' lang='lat' dir='ltr'>et</span> <span class='ocrx_word' id='word_1_273' title='bbox 199 2392 420 2433; x_wconf 87' lang='lat' dir='ltr'>Catholicis</span> <span class='ocrx_word' id='word_1_274' title='bbox 450 2392 658 2441; x_wconf 80' lang='lat' dir='ltr'>Patribus,</span> <span class='ocrx_word' id='word_1_275' title='bbox 681 2391 796 2432; x_wconf 86' lang='lat' dir='ltr'>nullo</span> <span class='ocrx_word' id='word_1_276' title='bbox 825 2391 1071 2446; x_wconf 85' lang='lat' dir='ltr'>refragante,</span> <span class='ocrx_word' id='word_1_277' title='bbox 1093 2389 1410 2445; x_wconf 87' lang='lat' dir='ltr'>pronunciatum</span> <span class='ocrx_word' id='word_1_278' title='bbox 1440 2400 1514 2441; x_wconf 87' lang='lat' dir='ltr'>est,</span> 
     </span>
     <span class='ocr_line' id='line_1_35' title="bbox 136 2455 1517 2513; baseline -0.001 -15"><span class='ocrx_word' id='word_1_279' title='bbox 136 2458 195 2507; x_wconf 84' lang='grc' dir='ltr'>ἤθη</span> <span class='ocrx_word' id='word_1_280' title='bbox 218 2461 365 2513; x_wconf 79' lang='grc' dir='ltr'>ἀρχαῖα</span> <span class='ocrx_word' id='word_1_281' title='bbox 393 2458 600 2511; x_wconf 69' lang='grc' dir='ltr'>κρατείτωὲ</span> <span class='ocrx_word' id='word_1_282' title='bbox 632 2458 786 2499; x_wconf 89' lang='lat' dir='ltr'>Esdras</span> <span class='ocrx_word' id='word_1_283' title='bbox 811 2473 905 2499; x_wconf 90' lang='lat' dir='ltr'>cum</span> <span class='ocrx_word' id='word_1_284' title='bbox 932 2458 1096 2498; x_wconf 90' lang='lat' dir='ltr'>reficere</span> <span class='ocrx_word' id='word_1_285' title='bbox 1116 2455 1237 2497; x_wconf 88' lang='lat' dir='ltr'>vellet</span> <span class='ocrx_word' id='word_1_286' title='bbox 1257 2456 1395 2497; x_wconf 87' lang='lat' dir='ltr'>ruinas</span> <span class='ocrx_word' id='word_1_287' title='bbox 1416 2465 1517 2497; x_wconf 88' lang='lat' dir='ltr'>tem-</span> 
     </span>
     <span class='ocr_line' id='line_1_36' title="bbox 136 2524 1516 2581; baseline -0.001 -16"><span class='ocrx_word' id='word_1_288' title='bbox 136 2525 208 2581; x_wconf 85' lang='lat' dir='ltr'>pli,</span> <span class='ocrx_word' id='word_1_289' title='bbox 231 2540 313 2565; x_wconf 90' lang='lat' dir='ltr'>non</span> <span class='ocrx_word' id='word_1_290' title='bbox 340 2525 450 2566; x_wconf 89' lang='lat' dir='ltr'>misit</span> <span class='ocrx_word' id='word_1_291' title='bbox 469 2525 698 2580; x_wconf 86' lang='lat' dir='ltr'>Ephesum,</span> <span class='ocrx_word' id='word_1_292' title='bbox 720 2525 908 2580; x_wconf 89' lang='lat' dir='ltr'>quamvis</span> <span class='ocrx_word' id='word_1_293' title='bbox 927 2525 983 2566; x_wconf 92' lang='lat' dir='ltr'>ibi</span> <span class='ocrx_word' id='word_1_294' title='bbox 1009 2533 1113 2565; x_wconf 88' lang='lat' dir='ltr'>esset</span> <span class='ocrx_word' id='word_1_295' title='bbox 1140 2524 1288 2565; x_wconf 82' lang='lat' dir='ltr'>Dianae</span> <span class='ocrx_word' id='word_1_296' title='bbox 1316 2524 1516 2580; x_wconf 88' lang='lat' dir='ltr'>templum</span> 
     </span>
     <span class='ocr_line' id='line_1_37' title="bbox 137 2591 1516 2648; baseline 0 -16"><span class='ocrx_word' id='word_1_297' title='bbox 137 2592 474 2648; x_wconf 89' lang='lat' dir='ltr'>pulcherrimum,</span> <span class='ocrx_word' id='word_1_298' title='bbox 511 2602 550 2632; x_wconf 89' lang='lat' dir='ltr'>et</span> <span class='ocrx_word' id='word_1_299' title='bbox 588 2592 916 2640; x_wconf 89' lang='lat' dir='ltr'>01·natissimum;</span> <span class='ocrx_word' id='word_1_300' title='bbox 963 2607 1141 2647; x_wconf 91' lang='lat' dir='ltr'>cumque</span> <span class='ocrx_word' id='word_1_301' title='bbox 1174 2591 1296 2632; x_wconf 89' lang='lat' dir='ltr'>vellet</span> <span class='ocrx_word' id='word_1_302' title='bbox 1331 2606 1442 2632; x_wconf 86' lang='lat' dir='ltr'>sacra</span> <span class='ocrx_word' id='word_1_303' title='bbox 1477 2602 1516 2632; x_wconf 85' lang='lat' dir='ltr'>et</span> 
     </span>
     <span class='ocr_line' id='line_1_38' title="bbox 138 2659 1516 2715; baseline -0.001 -15"><span class='ocrx_word' id='word_1_304' title='bbox 138 2660 398 2701; x_wconf 78' lang='lat' dir='ltr'>caeremonias</span> <span class='ocrx_word' id='word_1_305' title='bbox 424 2660 650 2710; x_wconf 87' lang='lat' dir='ltr'>restituere,</span> <span class='ocrx_word' id='word_1_306' title='bbox 672 2675 755 2700; x_wconf 91' lang='lat' dir='ltr'>non</span> <span class='ocrx_word' id='word_1_307' title='bbox 785 2659 894 2701; x_wconf 81' lang='lat' dir='ltr'>misit</span> <span class='ocrx_word' id='word_1_308' title='bbox 926 2661 1119 2710; x_wconf 88' lang='lat' dir='ltr'>Romam,</span> <span class='ocrx_word' id='word_1_309' title='bbox 1141 2659 1329 2715; x_wconf 89' lang='lat' dir='ltr'>quamvis</span> <span class='ocrx_word' id='word_1_310' title='bbox 1347 2659 1516 2700; x_wconf 85' lang='lat' dir='ltr'>fortasse</span> 
     </span>
     <span class='ocr_line' id='line_1_39' title="bbox 139 2726 1515 2781; baseline -0.001 -13"><span class='ocrx_word' id='word_1_311' title='bbox 139 2727 316 2769; x_wconf 82' lang='lat' dir='ltr'>audisset</span> <span class='ocrx_word' id='word_1_312' title='bbox 337 2728 392 2769; x_wconf 91' lang='lat' dir='ltr'>ibi</span> <span class='ocrx_word' id='word_1_313' title='bbox 413 2743 498 2769; x_wconf 83' lang='lat' dir='ltr'>esse</span> <span class='ocrx_word' id='word_1_314' title='bbox 516 2727 807 2777; x_wconf 86' lang='lat' dir='ltr'>Hecatombas,</span> <span class='ocrx_word' id='word_1_315' title='bbox 828 2727 1090 2778; x_wconf 87' lang='lat' dir='ltr'>Solitaurilia,</span> <span class='ocrx_word' id='word_1_316' title='bbox 1111 2726 1393 2776; x_wconf 83' lang='lat' dir='ltr'>Lectistcrnia,</span> <span class='ocrx_word' id='word_1_317' title='bbox 1411 2728 1515 2781; x_wconf 45' lang='lat' dir='ltr'>sup.</span> 
     </span>
    </p>
   </div>
  </div>
 </body>
</html>
