1799 3077
62 739 110 767 De
126 737 220 776 Biga„

62 790 130 809 mis.

61 824 144 856 Quia
159 824 248 853 circa.

61 1689 171 1719 Statua
183 1690 262 1727 ejus-

59 1734 127 1762 dem
144 1733 247 1761 soemi-

60 1785 108 1804 nae
124 1776 258 1814 parturi-

58 1819 139 1847 entis
155 1820 254 1847 adhuc

58 1863 164 1891 Romae
180 1865 236 1892 est.

61 2295 188 2323 Genesis

59 2338 180 2367 xxxviii.

59 2564 107 2592 De
123 2562 262 2591 conside-

60 2606 178 2634 ratione
196 2606 233 2634 ad

58 2648 245 2688 Eugenium.

279 140 362 179 140
668 135 899 177 JUELLI
933 134 1271 176 APOLOGIA.

333 252 423 293 Nos
452 249 620 307 quidem
651 264 733 291 non
765 248 966 290 sumimus
995 249 1037 289 id
1067 249 1186 290 nobis
1211 248 1289 288 hoc
1309 255 1506 302 tempore,
1535 256 1583 288 ut
1615 262 1663 288 ea

276 335 371 376 quae
400 334 484 360 una
513 333 605 360 cum
637 317 734 373 ipsis
765 316 925 373 sepulta
955 332 1040 358 esse
1069 316 1300 373 oportebat,
1322 315 1365 356 in
1394 315 1527 355 lucem
1553 323 1594 356 et
1619 315 1663 355 in

276 395 538 443 conspectum
577 386 849 441 proferamus.
911 386 1008 425 Non
1048 393 1109 425 est
1146 384 1190 425 id
1229 383 1450 439 religionis,
1480 398 1563 424 non
1603 392 1664 425 est

275 454 548 503 verecundiae,
585 468 668 494 non
708 463 767 493 est
807 451 980 507 pudoris
1018 451 1159 492 nostri.
1222 451 1295 491 Ille
1335 461 1471 491 tamen
1512 451 1584 506 qui
1623 466 1665 491 se

277 521 432 562 Christi
464 520 673 562 Vicarium
707 529 748 560 et
777 518 972 560 Ecclesiae
1007 527 1132 574 caput
1167 518 1247 558 dici
1272 518 1410 574 jubet,
1441 517 1513 573 qui
1547 517 1665 558 audit

275 588 353 629 ista
373 590 520 629 Romae
540 586 642 638 fieri,
662 586 735 642 qui
757 586 884 635 videt,
906 585 979 641 qui
999 585 1172 641 patitur,
1194 584 1297 625 nihil
1317 585 1425 625 enim
1452 583 1564 625 aliud
1591 583 1663 624 ad-

275 655 425 706 dimus,
458 655 596 711 qualia
627 670 675 695 ea
712 654 806 705 sint,
838 653 956 694 facile
987 661 1123 709 potest
1158 667 1252 693 cum
1285 651 1421 692 animo
1451 667 1526 692 suo
1556 651 1666 707 cogi-

275 732 372 764 tare.
434 723 598 764 Redeat
628 722 735 763 enim
766 721 834 763 ille
865 737 960 762 sane
989 721 1031 762 in
1061 720 1325 772 memoriam3
1357 719 1509 775 cogitet
1531 721 1665 761 Cano-

275 791 401 832 nistas
435 791 526 831 illos
560 806 655 831 suos
689 806 789 841 esse,
821 790 893 846 qui
930 789 1133 846 populum
1169 789 1400 830 docuerunt
1439 786 1664 843 simplicem

276 858 585 900 fornicationem
621 874 704 900 non
738 874 823 899 esse
852 868 1096 914 peccatum;
1139 857 1256 914 quasi
1289 856 1401 897 illam
1434 854 1663 896 doctrinam

277 941 328 966 ex
365 927 549 968 Micione
583 926 737 968 comico
771 925 1032 967 didicissent:
1076 926 1172 966 Non
1208 934 1269 966 est
1302 932 1531 980 peecatum,
1562 921 1664 962 mihi

275 993 410 1044 crede,
450 994 803 1036 adolescentulum
844 993 1023 1034 scortari.
1086 993 1267 1049 Cogitet,
1303 1007 1398 1033 suos
1435 991 1526 1032 illos
1564 1005 1664 1040 esse,

276 1061 348 1117 qui
384 1062 669 1113 decreverunt,
702 1061 954 1103 sacerdotem
987 1060 1267 1102 fornicationis
1301 1075 1423 1100 causa
1462 1073 1543 1099 non
1579 1072 1665 1098 esse

276 1132 635 1172 summovendum.
696 1129 938 1170 Meminerit
970 1128 1232 1170 Cardinalem
1265 1126 1554 1184 Campegium,
1586 1125 1664 1166 Al-

273 1198 439 1239 bertum
468 1199 681 1255 Pighium,
707 1198 890 1254 aliosque
920 1197 1153 1253 complures
1183 1212 1278 1237 suos
1308 1195 1508 1246 docuisse,
1536 1209 1664 1235 sacer-

274 1266 412 1308 dotem
438 1266 556 1307 illum
584 1266 717 1307 multo
744 1266 923 1307 sanctius
950 1275 990 1306 et
1017 1265 1168 1306 castius
1196 1264 1347 1315 vivere,
1370 1264 1443 1320 qui
1468 1263 1549 1304 alat
1570 1278 1665 1304 con-

274 1335 481 1386 cubinam,
503 1351 628 1391 quam
660 1335 732 1391 qui
764 1349 936 1376 uxorem
965 1334 1116 1375 habeat
1144 1333 1186 1373 in
1216 1332 1487 1374 matrimonio.
1549 1333 1665 1372 Non-

275 1403 376 1444 dum
407 1402 488 1454 ille,
512 1419 644 1459 sperO,
666 1403 819 1444 oblitus
848 1412 922 1453 est,
949 1401 1082 1443 multa
1111 1416 1196 1442 esse
1226 1402 1374 1441 Romae
1403 1399 1664 1456 publicarum

275 1470 535 1511 meretricum
565 1470 706 1521 millia,
739 1480 779 1511 et
810 1486 851 1511 se
882 1486 931 1511 ex
962 1469 1041 1510 illis
1075 1469 1118 1509 in
1154 1467 1337 1525 singulos
1368 1483 1510 1518 annos,
1541 1467 1666 1508 vecti-

273 1538 377 1594 galis
403 1539 583 1591 nomine,
603 1539 794 1595 colligere
821 1538 871 1579 ad
902 1537 1072 1594 triginta
1101 1537 1228 1578 millia
1257 1537 1518 1577 ducatorum.
1579 1536 1665 1577 Ob-

273 1605 401 1647 livisci
432 1622 515 1647 non
546 1615 696 1662 potest,
728 1622 769 1647 se
801 1607 948 1647 Romae
979 1605 1226 1646 lenocinium
1261 1604 1426 1660 publice
1461 1619 1664 1654 exercere,

276 1683 316 1715 et
346 1674 397 1714 de
428 1674 654 1715 foedissima
684 1674 870 1715 mercede
904 1673 1015 1714 foede
1050 1689 1096 1714 ac
1133 1673 1323 1729 nequiter
1355 1672 1532 1714 delicari.
1594 1672 1665 1713 An

276 1743 414 1784 omnia
434 1751 521 1783 tum
545 1744 693 1783 Romae
715 1742 810 1783 satis
830 1751 903 1782 aut
924 1741 1034 1782 salva
1051 1749 1190 1782 sancta
1211 1750 1340 1792 erant,
1359 1756 1453 1781 cum
1469 1742 1498 1781 J
1502 1740 1666 1782 ohanna

276 1809 459 1860 foemina,
491 1809 662 1865 integrae
696 1809 827 1850 aetatis
866 1808 997 1864 magis
1030 1824 1156 1864 quam
1192 1809 1301 1858 vitae,
1331 1817 1436 1849 esset
1465 1810 1596 1864 Papa,
1625 1817 1666 1849 et

277 1893 319 1919 se
348 1888 509 1933 gereret
535 1894 612 1934 pro
638 1878 771 1934 capite
792 1877 1010 1925 Ecclesiae3
1046 1887 1086 1918 et
1113 1893 1208 1918 cum
1231 1893 1272 1918 se
1292 1876 1506 1918 biennium
1531 1886 1665 1918 totum

276 1946 317 1986 in
350 1946 419 1987 illa
449 1956 588 1987 sancta
622 1946 718 1987 sede
754 1946 927 1987 aliorum
962 1945 1122 1986 libidini
1158 1945 1426 2001 exposuisset,
1458 1954 1666 2001 postremo

276 2015 317 2054 in
338 2015 552 2056 lustranda
574 2015 766 2066 Civitate,
789 2014 1114 2071 inspectantibus
1131 2013 1422 2056 Cardinalibus
1442 2022 1483 2054 et
1497 2013 1668 2070 Episco-

276 2082 353 2138 pis,
374 2083 510 2139 palam
531 2092 694 2140 pareret
713 2083 755 2124 in
776 2083 973 2140 publico?

338 2151 419 2192 Sed
440 2151 543 2207 quid
568 2168 674 2208 opus
694 2161 781 2193 erat
801 2151 1049 2192 concubinas
1070 2160 1111 2192 et
1130 2150 1296 2192 lenones
1317 2152 1665 2191 commemorare?

275 2219 446 2275 vulgare
476 2219 584 2260 enim
609 2220 696 2275 jam
727 2219 832 2260 illud
853 2220 1001 2260 Romae
1029 2227 1069 2259 et
1095 2218 1324 2274 publicum,
1346 2227 1386 2259 et
1414 2233 1497 2259 non
1522 2217 1668 2259 inutile

276 2297 490 2343 peccatum
512 2296 586 2329 est.
646 2287 889 2328 Meretrices
909 2287 1015 2328 enim
1037 2286 1093 2327 ibi
1108 2287 1196 2343 jam
1219 2286 1375 2337 sedent,
1397 2301 1479 2327 non
1501 2294 1548 2326 ut
1568 2285 1666 2327 olim

275 2365 392 2396 extra
414 2356 649 2406 Civitatem,
672 2356 862 2411 obnupto
891 2364 931 2396 et
955 2354 1153 2396 obvoluto
1173 2354 1322 2410 capite,
1343 2354 1413 2394 sed
1433 2354 1475 2393 in
1498 2353 1668 2394 Palatiis

274 2423 486 2472 habitant3
521 2439 595 2480 per
625 2424 763 2464 forum
793 2432 998 2479 vagantur
1028 2432 1171 2478 aperta
1196 2422 1348 2479 fronte,
1371 2421 1488 2477 quasi
1516 2421 1557 2462 id
1584 2436 1668 2462 non

276 2499 439 2532 tantum
469 2491 602 2543 liceat,
631 2491 703 2532 sed
733 2491 856 2532 etiam
886 2490 999 2532 laudi
1029 2506 1114 2531 esse
1145 2490 1304 2531 debeat.
1368 2489 1481 2540 Quid
1511 2490 1665 2546 plura?

277 2558 451 2599 Illorum
476 2560 565 2614 jam
595 2559 784 2600 libidines
813 2570 1017 2601 terrarum
1048 2558 1138 2600 orbi
1169 2567 1265 2598 sunt
1296 2557 1392 2599 satis
1426 2568 1546 2599 notae.
1608 2559 1663 2599 D.

276 2626 529 2677 Bernardus,
561 2628 612 2667 de
652 2627 865 2669 Pontificis
904 2627 1073 2677 familia,
1110 2627 1282 2682 ipsoque
1321 2626 1424 2667 adeo
1464 2624 1664 2666 Pontifice

277 2692 402 2733 libere
429 2702 470 2734 et
498 2709 590 2735 vere
622 2695 786 2747 scribit;
819 2695 948 2745 Aula,
969 2694 1120 2751 inquit,
1142 2704 1215 2735 tua
1243 2695 1373 2735 bonos
1402 2692 1559 2749 recipit,
1582 2708 1663 2734 non

275 2760 397 2809 facit3
437 2761 543 2802 Mali
575 2762 631 2803 ibi
662 2763 898 2818 proficiunt,
930 2763 1027 2804 boni
1062 2762 1269 2803 deficiunt.
1331 2763 1390 2802 Et
1424 2760 1663 2817 quicunque
