1799 3077
507 125 738 165 JUELLI
772 125 1109 168 APOLOGIA.
1420 133 1500 174 175

115 252 332 279 causarum
354 239 630 294 cognitionem
652 250 693 281 et
715 240 952 296 Presbyteri
974 249 1015 281 et
1036 239 1225 292 Diaconi,
1245 250 1285 281 et
1306 244 1502 284 nonnulla

115 305 238 346 etiam
258 320 353 362 pars
373 305 517 361 plebis.

174 374 256 415 Sed
277 373 379 429 quid
401 374 433 414 si
458 375 524 415 isti
546 375 736 417 Abbates
763 385 803 417 et
831 375 1028 432 Episcopi
1058 373 1161 415 nihil
1191 375 1349 416 sciant?
1392 378 1501 427 Quid

114 441 146 482 si
168 442 270 498 quid
293 442 343 482 sit
363 442 523 498 religio,
545 443 731 499 quidque
752 444 804 485 de
833 445 927 485 Deo
954 443 1214 485 sentiendum
1245 443 1309 494 sit,
1332 459 1414 485 non
1444 445 1503 486 in-

113 509 330 565 telligant?
364 510 477 560 Quid
499 511 530 551 si
550 511 617 552 lex
637 512 804 568 perierit
825 527 850 552 a
870 511 1092 562 sacerdote,
1108 521 1149 552 et
1170 511 1383 553 consilium
1405 528 1430 553 a
1445 529 1502 554 se-

113 576 327 619 nioribus?
363 579 474 629 Quid
497 580 542 629 si,
566 590 613 621 ut
633 580 690 621 ait
712 580 913 631 Micheas,
935 595 1017 621 nox
1047 579 1125 620 illis
1156 579 1205 620 sit
1236 595 1312 636 pro
1332 580 1499 631 visione,

113 656 155 687 et
175 647 354 688 tenebrae
375 663 451 704 pro
480 648 763 690 divinatione?
806 649 916 699 Quid
948 649 994 700 si,
1016 658 1065 689 ut
1094 648 1240 689 Esaias
1269 649 1339 699 ait,
1362 665 1502 691 omnes

115 714 389 770 speculatores
409 715 585 756 civitatis
605 716 702 757 facti
724 725 820 757 sunt
840 716 965 757 caeci?
1004 715 1115 766 Quid
1142 716 1173 756 si
1201 715 1258 756 sal
1277 716 1360 756 vim
1386 733 1500 758 suam

114 791 155 823 et
176 798 361 839 saporem
383 783 595 824 amiserit?
633 785 780 840 thue
802 784 993 825 Christus
1013 784 1083 834 ait,
1105 784 1158 824 ad
1188 784 1350 825 nullum
1381 801 1503 826 usum

113 849 165 891 sit
186 850 488 901 accommodus,
511 866 561 892 ne
582 851 634 892 ad
655 851 697 892 id
717 851 886 907 quidem
909 860 955 892 ut
981 851 1198 907 abjiciatur
1228 851 1270 892 in
1301 853 1504 908 sterquili-

116 916 231 958 nium
246 920 263 958 Ρ

175 985 246 1026 Ad
267 986 427 1041 Papam
449 985 599 1026 scilicet
620 986 758 1027 omnia
778 986 978 1037 deferent,
1001 986 1073 1041 qui
1094 1001 1228 1027 errare
1249 1001 1331 1027 non
1356 996 1502 1043 potest.

115 1055 179 1094 At
212 1053 318 1094 illud
350 1053 533 1109 primum
563 1054 749 1110 ineptum
781 1063 855 1106 est,
888 1053 1089 1110 Spiritum
1121 1064 1307 1095 sanctum
1337 1071 1362 1095 a
1392 1070 1505 1095 sacro

117 1120 301 1162 COncilio
327 1121 532 1162 curriculo
559 1122 721 1163 avolare
750 1124 942 1173 Romam,
966 1131 1014 1163 ut
1044 1122 1075 1163 si
1106 1123 1209 1178 quid
1239 1122 1402 1164 dubitet
1431 1132 1504 1163 aut

113 1189 281 1240 haereat,
303 1198 344 1230 et
365 1206 449 1230 sese
470 1190 675 1246 explicare
695 1206 778 1231 non
798 1191 941 1247 possit,
963 1191 1016 1232 ab
1036 1191 1116 1232 alio
1136 1191 1271 1232 nescio
1300 1208 1384 1247 quo
1414 1192 1505 1247 Spi-

115 1257 199 1298 ritu
221 1258 402 1299 doctiore
423 1258 637 1299 consilium
664 1259 812 1315 capiat.
874 1259 998 1309 Nam,
1021 1258 1054 1299 si
1083 1258 1140 1300 ita
1170 1270 1244 1309 est,
1267 1259 1370 1315 quid
1400 1275 1505 1315 opus

115 1333 202 1365 erat
222 1333 284 1366 tot
304 1325 534 1382 Episcopos
556 1326 680 1367 tantis
695 1326 903 1382 impensis,
922 1336 1005 1366 tam
1021 1326 1258 1382 longinquis
1274 1326 1503 1376 itineribus,

117 1392 368 1434 Tridentum
390 1394 466 1435 hoc
487 1404 671 1451 tempore
693 1394 936 1435 convocari?
975 1393 1216 1434 Consultius
1245 1393 1377 1434 multo
1402 1403 1504 1445 erat,

115 1469 156 1501 et
177 1461 303 1502 satius
324 1471 432 1503 certe
453 1462 601 1512 multo,
620 1472 661 1503 et
681 1462 846 1502 brevius
867 1471 907 1502 et
922 1461 1190 1511 commodius,
1209 1470 1256 1502 ut
1274 1462 1327 1502 ad
1345 1463 1503 1518 Papam
1554 1499 1556 1506 .

115 1530 254 1585 potius
274 1529 411 1571 onmia
430 1530 659 1586 rejicerent,
681 1539 719 1571 et
742 1529 878 1571 statim
898 1529 952 1570 ad
972 1529 1081 1570 illius
1101 1530 1202 1571 sacri
1222 1530 1397 1586 pectoris
1416 1546 1504 1571 ora-

115 1597 255 1638 culum
277 1597 528 1639 devenirent.
588 1598 752 1638 Deinde
773 1598 894 1639 etiam
921 1597 1112 1653 iniquum
1142 1607 1218 1649 est,
1240 1614 1403 1639 causam
1434 1614 1505 1639 no-

116 1674 242 1705 stram
264 1680 288 1705 a
309 1674 368 1705 tot
388 1665 605 1721 Episcopis
625 1676 666 1706 et
688 1666 928 1706 Abbatibus
955 1665 1009 1706 ad
1039 1665 1162 1706 unius
1192 1666 1367 1706 hominis
1391 1667 1504 1722 judi-

115 1732 225 1773 cium
244 1732 476 1783 devolvere,
499 1734 588 1789 ejus
608 1733 850 1789 praesertim,
873 1733 945 1789 qui
966 1749 991 1773 a
1010 1733 1128 1774 nobis
1155 1734 1404 1790 gravissimis
1430 1735 1505 1776 cri-

115 1800 296 1841 minibus
316 1810 545 1851 accusetur,
567 1816 641 1842 nec
668 1801 805 1842 adhuc
832 1817 996 1842 causam
1029 1817 1145 1842 suam
1175 1802 1339 1852 dixerit,
1362 1813 1402 1844 et
1432 1818 1505 1844 nos

115 1877 336 1924 antequam
357 1884 598 1910 vocaremur
619 1869 672 1910 ad
687 1869 909 1925 judicium,
932 1869 1017 1910 sine
1031 1870 1190 1926 judicio
1210 1871 1502 1912 condemnarit.

116 1938 189 1977 An
220 1952 319 1992 ergo
348 1952 422 1977 nos
451 1936 530 1978 ista
558 1937 782 1993 fingimus?
824 1939 911 1978 Aut
940 1937 1018 1978 ista
1046 1938 1169 1978 hodie
1199 1954 1280 1979 non
1311 1948 1369 1980 est
1401 1940 1504 1980 ratio

118 2004 426 2045 Conciliorum?
468 2006 562 2045 Aut
592 2020 673 2045 non
705 2005 842 2046 omnia
871 2021 895 2046 a
925 2021 1038 2046 sacro
1070 2006 1254 2046 Concilio
1283 2007 1336 2047 ad
1373 2022 1502 2047 unum

117 2073 359 2115 Pontificem
381 2072 653 2121 deferuntur;
689 2083 749 2124 ut,
771 2073 889 2129 quasi
910 2083 972 2114 tot
993 2074 1216 2124 sententiis,
1239 2085 1279 2115 et
1300 2075 1503 2130 subscrip-

117 2140 298 2181 tionibus
318 2139 419 2179 nihil
441 2139 492 2181 sit
512 2150 666 2191 actum,
687 2141 754 2182 ille
776 2157 884 2182 unus
904 2141 1031 2197 possit
1051 2141 1215 2192 addere,
1237 2151 1410 2192 mutare,
1430 2142 1503 2182 mi-

116 2223 258 2258 nuere,
280 2208 492 2263 abrogare,
522 2209 766 2264 approbare,
795 2209 992 2259 relaxare,
1022 2209 1265 2264 restringere
1294 2210 1501 2265 quidquid

116 2274 244 2315 velit?
278 2275 467 2324 Quorum
488 2291 586 2330 ergo
609 2276 824 2317 hominum
853 2286 950 2317 sunt
979 2277 1066 2317 haec
1088 2277 1242 2316 verba?
1281 2278 1370 2317 Cur
1400 2277 1502 2333 Epi-

117 2342 227 2398 scopi
248 2351 288 2382 et
310 2342 507 2392 Abbates,
530 2358 611 2383 non
640 2343 697 2384 ita
726 2343 886 2399 pridem
918 2343 959 2383 in
990 2343 1179 2399 proximo
1201 2344 1385 2385 Concilio
1407 2345 1502 2385 Tri-

116 2409 286 2449 dentino
305 2409 363 2450 ita
383 2410 437 2450 ad
457 2421 687 2451 extremum
709 2411 1004 2459 decreverunt,
1041 2411 1163 2452 Salva
1182 2427 1340 2467 semper
1360 2412 1402 2452 in
1417 2428 1502 2453 om-

116 2476 238 2517 nibus
259 2476 364 2516 sedis
385 2477 638 2532 Apostolicae
659 2479 930 2519 auctoritate?
963 2481 1057 2519 Aut
1071 2494 1145 2519 cur
1162 2479 1369 2520 Paschalis
1386 2482 1502 2536 Papa

115 2543 172 2584 ita
192 2543 411 2584 insolenter
431 2544 483 2584 de
500 2559 540 2584 se
556 2544 718 2592 scribit3
754 2545 896 2595 Quasi,
914 2545 1063 2600 inquit,
1081 2547 1283 2587 Romanae
1304 2548 1500 2589 Ecclesia}
1512 2562 1560 2589 De
1576 2561 1699 2590 electio-

115 2610 246 2667 legem
274 2610 458 2652 Concilia
488 2611 573 2651 ulla
602 2612 878 2667 praefixerint3
922 2628 1016 2653 cum
1046 2614 1183 2654 omnia
1214 2615 1398 2656 Concilia
1428 2633 1500 2673 per

1514 2613 1550 2631 ne
1567 2607 1597 2631 et
1614 2604 1703 2631 electi

1513 2649 1674 2683 potestate.

117 2680 318 2720 Romanae
339 2679 535 2720 Ecclesiae
557 2680 841 2721 auctoritatem
862 2690 903 2721 et
922 2681 1031 2721 facta
1050 2682 1144 2732 sint,
1166 2691 1207 2723 et
1234 2684 1361 2724 robur
1386 2700 1497 2726 acce·
1512 2698 1576 2726 c‘²P·
1595 2688 1697 2726 s1gni-

116 2746 265 2801 perint,
287 2755 328 2787 et
347 2747 388 2787 in
410 2746 574 2787 illorum
596 2747 758 2788 statutis
779 2747 958 2788 Romani
980 2749 1190 2791 Pontificis
1210 2750 1412 2806 patientel
1432 2767 1499 2792 ex-

1512 2730 1618 2759 ficasti.
