1799 3077
325 139 407 181 160
714 140 942 182 JUELLI
976 141 1307 182 APOLOGIA.

319 253 475 309 gelium
497 255 526 295 J
530 269 600 295 esu
624 254 777 295 Christi
799 269 885 295 esse
905 255 987 295 vim
1011 254 1091 296 Dei
1111 253 1164 295 ad
1186 254 1374 304 salutem,
1396 263 1436 295 et
1456 254 1497 295 in
1525 254 1595 295 illo
1620 270 1705 296 esse

319 330 513 363 aeternam
535 322 687 369 vitam3
721 330 852 377 utque
873 322 1031 364 Paulus
1050 331 1204 372 monet,
1226 337 1276 363 ne
1297 322 1511 379 Angelum
1537 322 1706 378 quidem

318 391 399 432 Dei
419 391 471 432 de
491 391 594 432 coelo
614 391 844 432 venientem
865 391 1072 442 audimus,
1095 392 1127 433 si
1148 407 1221 432 nos
1241 392 1293 433 ab
1317 391 1456 447 aliqua
1482 400 1598 447 parte
1627 391 1706 432 hu-

310 460 382 515 jus
422 459 620 500 doctrinae
661 469 832 500 conetur
871 459 1058 501 avellere.
1120 461 1227 509 Imo,
1263 469 1307 500 ut
1336 459 1399 500 vir
1429 459 1704 500 sanctissimus

316 527 346 566 J
351 526 512 567 ustinus
534 527 702 582 Martyr
722 526 774 567 de
795 541 835 567 se
855 526 1068 583 loquitur;
1106 541 1157 567 ne
1177 527 1271 567 Deo
1291 526 1460 582 quidem
1480 527 1557 583 ipsi
1578 527 1702 567 fidem

314 594 574 643 haberemus,
597 593 629 634 si
657 593 772 634 aliud
799 609 873 634 nos
903 594 1068 635 doceret
1098 593 1388 649 Evangelium.
1450 596 1557 635 Nam
1589 593 1703 649 quod

312 662 379 703 isti
401 677 533 703 sacras
556 661 803 722 Scripturas,
825 662 943 718 quasi
963 671 1099 703 mutas
1120 670 1160 703 et
1180 660 1345 702 inutiles
1365 661 1506 702 missas
1529 661 1700 710 faciunt,

313 739 354 772 et
373 730 427 771 ad
448 732 584 771 Deum
607 729 747 786 potius
767 730 903 787 ipsum
924 730 966 771 in
987 729 1186 781 Ecclesia,
1203 738 1244 771 et
1264 730 1306 770 in
1325 729 1518 771 Conciliis
1532 729 1702 785 loquen-

313 807 410 848 tem,
432 798 511 838 hoc
531 806 606 848 est,
629 812 724 838 suos
750 797 935 853 ipsorum
965 813 1120 848 sensus,
1142 807 1183 838 et
1213 797 1432 838 sententias
1461 806 1701 853 provocant,

312 873 374 905 est
409 880 457 905 ea
490 864 595 905 ratio
628 864 886 906 inveniendae
916 865 1098 906 veritatis
1131 874 1173 906 et
1202 864 1429 906 admodum
1459 864 1627 915 incerta,
1659 873 1700 904 et

313 931 434 973 valde
454 932 697 988 periculosa,
719 942 760 974 et
780 933 1088 989 quodammodo
1108 932 1298 983 fanatica,
1322 942 1362 973 et
1389 948 1413 973 a
1440 932 1589 973 sanctis
1620 933 1699 973 Pa-

314 999 447 1041 tribus
476 1015 559 1040 non
588 1001 831 1056 approbata.
895 1001 1215 1057 Chrysostomus
1245 1000 1414 1056 quidem
1445 1000 1515 1051 ait,
1547 999 1699 1040 multos

312 1082 398 1108 esse
419 1083 541 1123 saepe,
563 1068 636 1124 qui
651 1069 809 1124 jactent
832 1069 1032 1125 Spiritum
1053 1078 1252 1110 sanctum.
1313 1071 1370 1109 At
1400 1068 1508 1108 enim
1538 1067 1611 1123 qui
1640 1067 1699 1108 lo-

310 1146 500 1192 quuntur
520 1137 572 1178 de
599 1153 688 1189 suo,
710 1137 814 1179 falso
844 1153 885 1179 se
914 1137 1032 1178 illum
1061 1138 1213 1179 habere
1242 1137 1483 1194 gloriantur.
1545 1137 1698 1187 Quem-

309 1206 536 1247 admodum
556 1206 678 1257 enim,
701 1206 851 1262 inquit,
874 1206 1065 1248 Christus
1085 1206 1263 1262 negabat
1284 1222 1326 1247 se
1352 1205 1466 1261 ]oqui
1494 1220 1518 1246 a
1548 1204 1694 1261 seipso,

308 1289 403 1315 cum
423 1273 663 1329 loqueretur
684 1289 735 1314 ex
761 1275 877 1329 Lege
904 1284 945 1315 et
972 1290 994 1315 e
1024 1273 1270 1330 Prophetis;
1303 1273 1361 1314 ita
1390 1288 1501 1313 nunc
1532 1272 1562 1313 si
1594 1272 1696 1328 quid

307 1350 457 1398 praeter
484 1341 761 1398 Evangelium
789 1341 953 1383 nomine
984 1341 1111 1383 sancti
1144 1341 1323 1397 Spiritus
1352 1340 1470 1381 nobis
1499 1340 1697 1381 obtruda-

307 1419 390 1460 tur,
412 1424 495 1450 non
516 1418 576 1450 est
596 1408 858 1450 credendum.
906 1410 969 1450 Ut
989 1409 1097 1449 enim
1120 1408 1311 1449 Christus
1331 1417 1391 1449 est
1411 1407 1595 1463 impletio
1614 1407 1695 1448 Le-

304 1477 368 1533 gis
404 1486 444 1518 et
486 1477 806 1533 Prophetarum,
839 1476 896 1518 ita
934 1476 1112 1533 Spiritus
1147 1486 1208 1517 est
1243 1475 1427 1532 impletio
1461 1475 1693 1531 Evangelii.

305 1547 412 1586 Haec
434 1545 766 1602 Chrysostomus.

361 1613 438 1654 Isti
461 1629 558 1654 vero
578 1614 767 1670 quamvis
794 1628 876 1654 non
903 1614 1082 1655 habeant
1112 1628 1245 1654 sacras
1276 1612 1426 1662 literas,
1449 1612 1602 1653 habent
1632 1622 1691 1653 ta-

302 1696 395 1722 men
423 1682 594 1722 fortasse
621 1682 809 1723 doctores
829 1692 985 1723 veteres
1015 1690 1056 1722 et
1087 1692 1246 1722 sanctos
1276 1682 1435 1722 Patres.
1497 1679 1551 1720 Id
1581 1678 1689 1719 enim

302 1764 462 1805 semper
481 1748 696 1805 magnifice
710 1749 986 1805 jactaverunt,
1009 1764 1172 1790 omnem
1202 1747 1506 1803 antiquitatem,
1529 1756 1569 1788 et
1599 1761 1690 1803 per-

300 1827 473 1874 petuum
497 1817 682 1858 omnium
704 1826 937 1873 temporum
958 1831 1201 1858 consensum
1221 1832 1245 1857 a
1266 1832 1307 1857 se
1327 1816 1473 1857 facere.
1535 1816 1689 1856 Nostra

300 1902 398 1927 vero
425 1885 562 1926 omnia
591 1900 699 1926 nova
728 1900 813 1926 esse
842 1894 884 1926 et
913 1884 1105 1936 recentia,
1126 1893 1220 1925 ante
1251 1899 1403 1940 paucos
1433 1883 1531 1924 istos
1560 1898 1688 1924 annos

300 1954 510 2011 proximos
530 1968 744 2009 nunquam
765 1952 920 1994 audita.

359 2025 484 2064 Certe
503 2023 545 2063 in
566 2022 803 2078 religionem
824 2022 905 2063 Dei
925 2022 1027 2062 nihil
1046 2021 1213 2078 gravius
1234 2021 1313 2062 dici
1332 2030 1482 2077 potest,
1504 2036 1629 2077 quam
1653 2021 1685 2061 si

300 2107 348 2133 ea
377 2100 591 2133 accusetur
620 2090 823 2131 novitatis.
886 2091 949 2131 Ut
979 2090 1087 2130 enim
1117 2089 1159 2129 in
1189 2090 1282 2130 Deo
1311 2089 1415 2145 ipso,
1437 2089 1494 2129 ita
1523 2088 1565 2129 in
1595 2089 1685 2145 ejus

298 2159 415 2201 cultu
435 2158 537 2199 nihil
557 2167 720 2214 oportet
740 2173 825 2199 esse
846 2172 1012 2199 novum.
1058 2157 1274 2198 Nescimus
1296 2166 1446 2207 tamen,
1463 2172 1548 2212 quo
1563 2165 1684 2212 pacto

298 2227 350 2268 ab
370 2227 486 2268 initio
512 2241 649 2267 rerum
678 2226 736 2267 ita
756 2225 934 2266 vidimus
965 2240 1124 2281 semper
1153 2224 1254 2275 fieri,
1278 2233 1326 2265 ut
1355 2225 1682 2280 quotiescunque

299 2296 416 2336 Deus
446 2295 563 2351 quasi
593 2293 845 2343 accenderet,
867 2302 908 2334 et
936 2292 1172 2334 hominibus
1201 2292 1450 2348 patefaceret
1469 2292 1683 2334 veritatem

298 2379 429 2414 suam,
468 2362 658 2419 quamvis
697 2377 745 2402 ea
783 2376 865 2402 non
908 2369 1070 2401 tantum
1110 2360 1407 2416 antiquissima,
1447 2361 1517 2401 sed
1557 2359 1680 2401 etiam

297 2440 450 2472 aeterna
469 2439 587 2480 esset,
610 2439 747 2472 tamen
766 2429 819 2470 ab
839 2428 975 2484 impiis
994 2427 1230 2469 hominibus
1250 2437 1290 2469 et
1317 2427 1519 2477 hostibus,
1541 2443 1679 2469 recens

295 2508 336 2539 et
366 2513 473 2538 nova
502 2497 720 2539 diceretur.
782 2495 943 2551 Impius
972 2504 1014 2536 et
1044 2495 1330 2551 sanguinarius
1353 2495 1416 2535 vir
1446 2496 1601 2544 Aman,
1631 2504 1679 2535 ut

296 2566 470 2607 Judaeos
489 2566 531 2606 in
551 2565 691 2607 odium
713 2563 951 2614 abduceret,
974 2563 1028 2604 sic
1050 2578 1118 2604 eos
1137 2563 1250 2619 apud
1268 2565 1427 2619 Regem
1445 2564 1676 2604 Assuerum

292 2633 520 2674 accusavit:
556 2633 701 2674 Habes
726 2632 805 2681 hic,
826 2631 975 2686 inquit,
997 2632 1106 2681 Rex,
1128 2631 1331 2686 populum
1364 2630 1479 2670 novis
1508 2628 1678 2683 quibus-

293 2701 388 2741 dam
411 2710 593 2741 utentem
614 2700 788 2755 legibus,
810 2699 863 2740 ad
884 2714 1024 2739 omnes
1044 2708 1181 2740 autem
1209 2708 1301 2739 tuas
1327 2698 1436 2753 leges
1465 2707 1676 2738 contuma-

293 2784 395 2817 cem,
418 2778 457 2809 et
479 2767 682 2809 rebellem.
745 2766 902 2807 Paulus
923 2767 1043 2807 etiam
1067 2765 1245 2806 Athenis
1266 2780 1359 2807 cum
1389 2765 1567 2821 primum
1596 2774 1677 2805 tra-
