1799 3077
241 152 325 194 260
567 150 801 191 NOELLI
836 148 1302 200 CATECHISMUS.

239 265 426 322 plerique
446 264 486 305 in
508 263 845 319 disceptationem
866 273 907 303 et
926 262 1242 303 controversiam
1261 271 1485 311 vocassent,
1502 270 1627 317 atque

240 334 298 379 ita
315 333 357 374 in
379 333 556 374 dubium
578 347 625 372 ea
645 340 821 371 ventura
840 330 1060 371 videretur.

298 402 362 442 M.
396 400 508 451 Quid
529 399 605 440 sibi
624 398 715 439 vult
735 397 849 453 quod
877 398 1063 453 sequitur
1091 398 1143 439 de
1173 398 1262 454 ejus
1291 397 1345 438 ad
1377 398 1540 438 Inferos
1560 398 1630 438 de-

240 485 382 511 scensu
398 471 414 509 ?

297 539 353 578 A.
388 536 600 578 Christum
624 542 672 576 ut
691 547 860 590 corpore
880 534 922 574 in
943 542 1064 574 terrae
1084 534 1251 583 viscera,
1272 533 1330 573 ita
1349 532 1486 573 anima
1505 548 1530 573 a
1543 549 1630 574 cor-

239 620 339 662 pore
362 614 562 661 separata,
584 603 637 644 ad
658 603 809 643 inferos
830 601 1108 649 descendisse,
1143 600 1347 656 simulque
1375 600 1497 641 etiam
1522 616 1630 641 mor-

240 673 292 714 tis
312 689 397 714 suae
419 671 614 712 virtutem
636 679 762 726 atque
783 669 1061 711 efficacitatem
1089 669 1143 710 ad
1157 667 1371 719 'mortuos,
1392 677 1410 696 ⁰
1423 677 1549 724 atque
1569 668 1629 709 in-

238 742 347 782 feros
371 740 475 781 adeo
503 739 613 795 ipsos
642 738 700 779 ita
728 746 976 795 penetrasse,
998 746 1046 778 ut
1076 746 1116 778 et
1145 736 1451 778 incredulorum
1482 736 1629 777 animae

238 807 538 850 acerbissimam
572 806 927 864 justissimamque
963 805 1248 846 Pinfidelitatis
1283 821 1368 846 suae
1402 804 1629 845 damnatio-

238 892 357 924 nem3
391 876 561 932 ipseque
581 875 807 916 inferorum
828 874 1019 930 princeps
1039 882 1058 911 q
1075 875 1259 923 Satanas,
1275 873 1505 929 tyrannidis
1526 888 1626 923 suae,

239 953 280 985 et
304 944 568 985 tenebrarum
598 951 843 998 potestatem
875 956 1037 981 omnem
1070 941 1338 991 debilitatam,
1359 940 1546 989 fractam,
1569 948 1628 979 at-

238 1027 321 1067 que
342 1011 462 1052 ruina
487 1011 708 1066 collapsam
739 1025 824 1050 esse
853 1009 1119 1065 persentiret;
1153 1019 1295 1050 contra
1314 1024 1411 1049 vero
1433 1007 1626 1056 ‘mortun

239 1079 406 1120 Christo
427 1079 528 1120 dum
550 1078 745 1119 vixerunt
764 1077 951 1127 fidentes,
973 1076 1266 1133 redemptionis
1296 1091 1381 1117 suae
1410 1091 1516 1131 opus
1539 1075 1627 1130 jam

236 1158 451 1204 peractum
473 1163 572 1197 esse,
595 1147 766 1201 ejusque
786 1145 869 1185 vim
891 1155 1017 1200 atque
1037 1145 1246 1195 virtutem,
1269 1159 1363 1185 cum
1389 1143 1627 1185 suavissima

237 1214 543 1270 certissimaque
563 1212 852 1263 consolatione,
874 1212 1150 1268 intelligerent
1170 1221 1296 1268 atque
1315 1206 1584 1268 perciperent.

295 1284 360 1323 M.
392 1283 422 1322 J
426 1297 494 1323 am
514 1281 567 1322 ad
590 1280 802 1337 sequentia
818 1283 1070 1337 pergamus?

292 1352 349 1391 A.
383 1349 530 1390 Tertio
560 1349 625 1389 die
655 1358 749 1404 post
768 1348 958 1398 Srevixit,
980 1358 1020 1389 et
1040 1347 1316 1404 quadraginta
1345 1347 1505 1388 dierum
1536 1362 1627 1402 spa-

236 1418 308 1467 tio,
341 1418 424 1458 suis
455 1433 496 1458 se
527 1416 666 1457 vivum
696 1416 934 1472 frequenter
965 1416 1168 1467 exhibuit,
1196 1425 1237 1456 et.
1267 1415 1374 1456 inter
1405 1414 1636 1470 discipulos-

237 1495 423 1528 versatus
444 1495 518 1535 est,
536 1485 661 1525 edens
681 1500 727 1525 ac
748 1484 892 1525 bibens
912 1500 1007 1525 cum
1027 1484 1117 1526 illis.

294 1555 356 1595 Μ.
390 1553 517 1603 Quid,
540 1567 592 1593 an
615 1567 697 1593 non
718 1552 813 1593 satis
834 1562 934 1603 erat,
953 1553 1067 1609 quod
1087 1568 1161 1609 per
1181 1561 1354 1593 mortem
1376 1552 1465 1608 ejus
1485 1567 1626 1608 pecca-

236 1632 374 1663 torum
395 1620 678 1662 liberationem
699 1620 944 1676 veniamque
965 1621 1264 1677 impetramus?

290 1692 347 1730 A.
381 1690 435 1730 Id
456 1704 538 1729 non
560 1688 656 1728 satis
677 1697 777 1738 erat,
800 1689 831 1728 si
851 1688 915 1729 vel
946 1689 1049 1745 ejus,
1072 1688 1136 1729 vel
1167 1688 1293 1729 nostri
1324 1687 1524 1729 rationem
1554 1689 1626 1729 ha-

234 1758 344 1798 beas.
407 1755 498 1797 Nisi
526 1755 634 1796 enim
655 1755 881 1806 revixisset,
904 1756 1070 1797 minime
1097 1765 1316 1812 putaretur
1337 1755 1493 1796 tFilius
1514 1756 1622 1804 Dei;

236 1825 338 1881 quin
369 1834 409 1865 et
439 1824 543 1864 illud
572 1823 664 1879 ipsi,
687 1824 785 1864 dum
818 1824 859 1864 in
891 1840 1011 1864 cruce
1040 1824 1252 1880 penderet,
1275 1824 1301 1863 ii
1323 1823 1395 1879 qui
1420 1824 1623 1874 viderant,

236 1892 542 1948 exprobrabant
576 1901 701 1947 atque
736 1891 1006 1947 objiciebant:
1052 1891 1219 1942 uAlios,
1251 1891 1460 1947 inquiunt,
1493 1908 1626 1933 serva-

236 1961 309 2011 vit,
333 1961 510 2016 seipsum
531 1975 613 2000 non
645 1969 781 2016 potest
808 1975 992 2007 servare,
1026 1959 1246 2001 descendat
1276 1974 1386 2000 nunc
1406 1959 1458 2000 de
1488 1975 1622 2011 cruce,

236 2038 277 2070 et
306 2028 520 2069 credemus
551 2027 598 2068 ei.
660 2029 759 2068 Jam
790 2038 928 2069 autem
960 2027 1161 2068 excitatus
1191 2042 1215 2067 a
1244 2026 1430 2076 mortuis,
1454 2027 1506 2067 ad
1528 2028 1624 2068 vitae

235 2096 549 2154 perennitatem,
582 2096 857 2142 XDivinitatis
899 2111 983 2136 suae
1025 2095 1251 2151 potentiam
1288 2095 1510 2136 declaravit
1540 2111 1625 2135 ma-

229 2166 378 2221 jorem,
410 2179 537 2219 quam
568 2163 600 2204 si
630 2163 916 2205 descendendo
946 2163 998 2204 de
1027 2179 1162 2213 cruce,
1193 2163 1336 2204 mortis
1360 2173 1534 2205 terrores
1563 2178 1624 2203 re-

234 2233 418 2289 fugisset.
480 2232 629 2272 yMori
659 2232 827 2287 quidem
858 2231 1050 2272 omnibus
1085 2240 1145 2272 est
1175 2247 1417 2279 commune3
1464 2231 1623 2272 tametsi

234 2316 333 2341 vero
371 2300 585 2341 intentatae
615 2300 737 2341 morti
767 2300 937 2355 quidam
970 2315 1010 2340 sc
1040 2300 1093 2340 ad
1124 2309 1288 2356 tempus
1320 2300 1623 2349 subduxerunt,

235 2368 378 2409 mortis
414 2378 551 2409 tamen
582 2368 705 2409 semel
735 2368 931 2424 oppetitae
961 2368 1126 2409 vincula
1156 2368 1325 2419 solvere,
1357 2376 1429 2409 aut
1458 2368 1626 2409 abrum-

278 2528 291 2541 ⁰
320 2532 330 2551 1
350 2522 417 2552 Pet.
434 2522 481 2552 iii.
502 2533 551 2563 19.
663 2529 678 2549 P
700 2523 795 2553 Joan.
815 2523 882 2553 viii.
903 2531 953 2560 24.
1064 2530 1078 2548 ‘¹
1107 2533 1117 2553 1
1139 2524 1212 2554 Cor.
1229 2533 1283 2553 xv.
1300 2529 1352 2562 55.
1377 2522 1447 2552 Col.
1461 2522 1480 2551 i.
1501 2531 1551 2560 13,
1573 2529 1621 2558 14.

237 2575 320 2605 Heb.
336 2574 368 2604 ii.
390 2584 439 2612 14,
462 2583 506 2614 15.
637 2582 648 2595 r
670 2577 766 2606 Joan.
784 2588 813 2607 v.
832 2585 881 2616 25.
906 2577 949 2607 xi.
970 2585 1022 2617 25,
1044 2576 1092 2607 26.
1118 2578 1212 2607 Rom.
1231 2577 1295 2607 xiV.
1313 2586 1343 2617 9.
1373 2576 1443 2606 Col.
1460 2576 1481 2605 i.
1501 2585 1550 2615 19,
1570 2584 1620 2604 20.

236 2634 246 2647 ⁵
270 2628 353 2658 Mat.
371 2629 482 2658 xxviii.
498 2628 529 2665 6,
549 2639 580 2669 9.
617 2631 700 2660 Mar.
717 2631 782 2660 xvi.
799 2630 829 2667 6,
849 2640 878 2671 9.
912 2631 991 2661 Luc.
1008 2631 1095 2660 xxiv.
1114 2631 1145 2668 6,
1167 2638 1196 2670 7,
1220 2639 1270 2668 14,
1292 2637 1340 2669 15.
1381 2630 1476 2659 Joan.
1494 2639 1547 2658 xx.
1570 2637 1620 2665 14,

240 2691 291 2722 19,
311 2691 362 2718 20,
380 2680 431 2712 26.
455 2683 511 2711 xxi
545 2692 573 2718 ι,
590 2691 618 2719 4.
647 2685 718 2714 Act.
734 2684 754 2713 i.
769 2693 802 2722 3,
819 2693 850 2721 4.
873 2684 907 2714 ii.
925 2692 976 2721 24,
994 2693 1046 2723 32.
1179 2685 1188 2702 t
1211 2684 1306 2714 Rom.
1322 2683 1342 2712 i.
1360 2690 1391 2719 4.
1499 2688 1513 2700 ¹¹
1540 2681 1621 2710 Mat.

237 2734 336 2765 xxvii.
351 2743 512 2773 40,41,42
569 2738 670 2767 Marc.
688 2748 740 2767 xv.
758 2747 810 2775 30.
834 2738 913 2768 Luc.
929 2738 1021 2768 xxiii.
1037 2746 1093 2776 35,
1110 2744 1163 2776 37.
1223 2743 1237 2757 κ
1261 2737 1354 2767 Rom.
1370 2735 1392 2765 i.
1410 2743 1439 2772 4.
1499 2742 1512 2761 y
1537 2735 1620 2764 Heb.

236 2798 280 2818 lx.
300 2797 349 2826 24.
