1799 3077
262 139 345 179 240
589 137 825 180 NOELLI
860 138 1326 180 CATECHISMUS.

259 251 549 302 misericordia,
566 261 607 293 et
627 261 889 307 peccatorum
909 251 1144 292 remissione
1164 251 1355 293 fidelibus
1369 252 1561 294 omnibus
1576 268 1649 309 per

260 319 474 361 Christum
501 319 644 369 factas,
666 333 762 375 quae
788 318 954 375 proprie
975 327 1008 347 m
1022 318 1302 374 Evangelium
1332 318 1543 369 dicuntur,
1565 335 1649 360 am-

258 387 476 444 plectitur;
510 402 636 443 quam
657 386 729 442 qui
750 387 918 437 habent,
940 402 1023 427 non
1046 386 1178 428 solum
1195 395 1216 414 ¹¹
1231 388 1371 428 Deum
1390 396 1437 428 ut
1453 386 1650 443 potentis-

259 456 408 498 simum
429 455 613 496 omnium
636 454 880 505 Dominum,
901 454 1262 511 justissimumque
1286 454 1471 510 judicem
1504 454 1650 496 timent

261 524 395 581 (quod
415 532 456 564 et
476 523 661 564 homines
681 522 827 578 impios
848 522 1066 578 plerosque
1091 531 1132 563 et
1152 531 1170 551 0
1184 523 1406 564 Daemones
1436 523 1558 564 etiam
1590 524 1650 564 fa-

257 607 348 633 cere
362 593 450 648 jam
470 601 590 632 antea
610 590 809 642 diximus)
834 606 978 631 verum
999 590 1121 631 etiam
1144 599 1191 631 ut
1212 599 1402 647 Ppatrem
1423 607 1545 632 suum
1576 608 1648 649 op-

258 660 405 701 timum
427 669 551 716 atque
571 658 930 700 clementissimum
951 667 1112 706 amant;
1145 658 1211 699 cui
1234 667 1280 699 ut
1296 658 1456 714 placere
1471 675 1546 715 per
1563 676 1650 701 om-

257 728 325 769 nia
345 728 423 784 piis
443 727 589 769 studiis
609 726 900 783 operibusque,
921 742 1015 783 quae
1038 726 1157 767 Fidei
1177 727 1339 767 fructus
1355 726 1565 778 dicuntur,
1586 728 1649 769 uti

257 796 530 852 obsequentes
544 795 649 836 filios
665 794 794 845 decet,
814 794 997 845 student,
1011 794 1068 835 ita
1083 794 1135 835 de
1151 795 1185 851 ej
1193 810 1240 835 us
1253 803 1270 832 q
1281 793 1413 846 venia,
1432 794 1462 835 si
1480 795 1649 851 quando

258 874 305 906 ut
326 864 511 905 homines
538 863 591 904 ab
618 864 707 920 ejus
727 863 940 904 voluntate
970 863 1212 914 aberrarint,
1234 878 1308 919 per
1330 862 1543 905 Christum
1574 863 1648 904 im-

257 932 472 990 petranda,
495 932 645 973 bonam
666 941 903 988 certamque
921 947 1034 988 spem
1051 931 1299 988 concipiunt.
1349 933 1522 972 Peccata
1538 932 1647 973 enim

258 1017 346 1051 sua,
372 1000 552 1050 Christo,
580 1000 646 1041 cui
677 1000 828 1050 fidunt,
851 999 983 1040 riram
1015 999 1151 1040 Patris
1180 999 1382 1055 p]acante,
1404 1015 1487 1040 non
1517 999 1648 1055 magis

258 1069 333 1111 sibi
354 1083 540 1124 unquam
560 1068 805 1125 imputanda
826 1068 974 1119 sciunt,
989 1083 1114 1124 quam
1133 1067 1165 1109 si
1182 1084 1230 1109 ea
1243 1083 1458 1124 nunquam
1475 1067 1648 1108 fuissent

256 1146 502 1195 perpetrata.
555 1138 615 1178 Et
634 1136 822 1192 quamvis
844 1136 965 1192 Legi,
986 1136 1201 1192 officioque
1227 1152 1324 1193 erga
1352 1137 1492 1177 Deum
1522 1144 1647 1191 atque

257 1206 442 1248 homines
462 1221 536 1246 suo
556 1220 637 1246 non
660 1204 927 1246 satisfecerint
956 1204 1047 1261 ipsi,
1072 1205 1284 1246 Christum
1318 1214 1453 1246 tamen
1487 1219 1648 1245 summa

257 1274 381 1331 Legis
400 1273 697 1324 observatione,
714 1275 807 1314 Deo
824 1288 899 1329 pro
916 1289 957 1314 se
973 1273 1180 1314 cumulate
1197 1273 1434 1314 satisfecisse
1450 1272 1644 1319 credunt;

257 1352 298 1384 et
318 1358 393 1399 per
412 1343 516 1383 hanc
538 1341 648 1382 illius
665 1341 890 1397 Sjustitiam
912 1351 952 1382 et
972 1341 1140 1382 Divinae
1164 1341 1289 1397 Legis
1305 1340 1644 1390 observationem,

256 1411 297 1452 in
318 1426 491 1452 numero
511 1411 683 1466 locoque
698 1410 923 1466 justorum,
947 1418 987 1450 et
1007 1411 1101 1451 Deo
1121 1410 1264 1451 charos
1285 1409 1426 1450 haberi
1455 1424 1510 1459 se,
1532 1408 1646 1448 haud

258 1479 375 1521 aliter
406 1495 453 1520 ac
489 1479 520 1520 si
557 1479 715 1534 Legem
750 1479 1033 1519 observassent
1071 1477 1164 1534 ipsi,
1201 1493 1442 1534 persuasum
1479 1477 1643 1517 habent.

259 1549 405 1604 Atque
425 1547 513 1588 haec
534 1562 581 1588 ea
601 1555 662 1587 est
683 1546 876 1602 tjustitia,
899 1561 1024 1602 quam
1052 1561 1125 1586 nos
1152 1545 1257 1587 Fide
1285 1545 1480 1602 consequi
1513 1546 1646 1586 Sacrae

258 1617 387 1658 literae
408 1615 627 1657 declarant.

317 1686 382 1725 M.
415 1685 571 1724 Annon
593 1683 671 1724 ista
690 1683 812 1724 etiam
833 1682 875 1723 in
896 1681 1184 1732 Daemonibus,
1205 1691 1278 1722 aut
1307 1680 1543 1722 hominibus
1572 1679 1647 1720 im-

258 1752 335 1810 piis
356 1768 440 1793 esse
460 1753 659 1808 possunt?

315 1822 373 1863 A.
404 1819 520 1860 Nihil
540 1818 701 1866 minus;
735 1832 829 1858 nam
851 1817 1046 1859 utametsi
1073 1819 1212 1858 Deum
1242 1825 1290 1857 ut
1315 1815 1645 1872 potentissimum

251 1888 611 1946 justissimumque
631 1886 815 1936 timeant,
833 1895 906 1926 aut
921 1885 1115 1927 horreant
1130 1885 1282 1942 potius,
1299 1900 1430 1940 quum
1448 1900 1532 1924 suae
1549 1898 1644 1924 eum

257 1954 478 2012 impietatis
497 1954 673 1995 ultorem
694 1953 782 1994 fore
801 1952 942 2003 sciant,
965 1953 1007 1994 in
1034 1953 1123 2009 ejus
1153 1962 1289 1994 tamen
1319 1952 1362 1992 in
1393 1967 1433 1992 se
1462 1951 1645 1992 bonitate

258 2034 300 2066 et
320 2023 548 2072 clementia,
569 2037 703 2078 neque
723 2020 850 2062 ullam
874 2021 1104 2070 Fiduciam,
1127 2036 1261 2076 neque
1281 2019 1334 2060 ad
1354 2020 1444 2076 ejus
1470 2019 1644 2075 gratiam

258 2102 470 2149 receptum
495 2091 674 2147 aliquem
700 2089 865 2140 habere,
887 2104 1020 2146 neque
1050 2090 1139 2145 ejus
1159 2087 1361 2129 voluntati
1391 2087 1645 2144 obsequendi

260 2161 443 2204 studium
461 2160 591 2201 ullum
608 2159 812 2215 suscipere
832 2167 1018 2214 possunt.
1062 2159 1211 2213 Itaque
1229 2172 1371 2198 eorum
1389 2156 1528 2206 Fides,
1544 2165 1646 2197 tam-

260 2230 335 2271 etsi
365 2229 417 2270 de
444 2228 615 2269 veritate
635 2226 749 2268 verbi
780 2227 861 2268 Dei
890 2241 973 2268 non
1003 2225 1229 2281 ambigant,
1252 2234 1416 2266 mortua
1434 2223 1643 2270 Xdicitur;

263 2308 309 2340 ut
329 2314 424 2355 quae
445 2296 579 2339 trunci
599 2296 726 2338 instar
746 2294 849 2336 aridi
871 2304 997 2350 atque
1017 2293 1208 2345 emortui,
1230 2294 1391 2335 fructus
1411 2291 1545 2333 nullos
1566 2290 1645 2348 piae

306 2472 328 2485 ¹¹¹
345 2465 431 2497 Esai.
447 2465 503 2496 lxi.
521 2474 549 2496 2.
573 2465 653 2496 Luc.
669 2463 702 2494 ii.
724 2473 775 2498 10,
796 2473 807 2493 1
819 2472 843 2493 ι.
860 2462 902 2493 ἰν.
919 2461 968 2492 18.
1142 2467 1157 2481 ¹¹
1175 2461 1272 2492 Deut.
1289 2470 1319 2490 x.
1337 2469 1387 2490 20.
1413 2459 1498 2490 Psal.
1513 2458 1574 2488 cxi.
1595 2467 1645 2488 ιο.

263 2528 277 2540 ⁰
292 2522 361 2550 Jac.
378 2520 411 2549 ii.
433 2529 481 2559 19.
604 2525 620 2545 P
635 2519 734 2549 Deut.
752 2528 782 2548 x.
802 2527 850 2548 11.
872 2517 954 2547 Psal.
966 2516 987 2546 i.
1008 2524 1038 2551 2,
1054 2525 1085 2554 3.
1110 2515 1217 2546 Colos.
1234 2514 1267 2544 ii.
1286 2512 1315 2544 6.
1340 2513 1456 2552 Ephes.
1473 2522 1502 2542 v.
1523 2521 1551 2548 1,
1569 2520 1599 2546 2,
1616 2510 1647 2539 8.

263 2579 278 2598 *ι
294 2573 375 2602 Mat.
392 2572 412 2602 i.
430 2581 480 2602 21.
504 2572 598 2602 Rom.
615 2571 661 2602 iii.
680 2580 730 2609 24.
755 2582 783 2601 v.
805 2580 831 2601 1.
952 2576 963 2589 ¹·
978 2570 1092 2609 Ephes.
1110 2569 1144 2600 ii.
1166 2578 1215 2608 15,
1237 2566 1285 2598 16.
1310 2567 1417 2597 Colos.
1434 2567 1467 2596 ii.
1491 2574 1537 2602 14.
1563 2563 1646 2594 Heb.

264 2637 295 2656 x.
313 2632 361 2665 17.
388 2636 399 2655 1
419 2626 514 2656 Joan.
528 2625 561 2655 ii.
582 2635 611 2662 1,
631 2634 660 2655 2.
876 2631 886 2644 ³
906 2634 918 2654 1
940 2624 1013 2655 Cor.
1030 2623 1052 2654 i.
1067 2632 1119 2661 30.
1146 2631 1162 2653 z
1181 2622 1254 2652 Cor.
1275 2631 1303 2651 v.
1322 2620 1370 2651 18.
1396 2620 1511 2659 Ephes.
1529 2618 1549 2648 i.
1565 2617 1597 2655 6,
1617 2624 1644 2656 7.

264 2682 343 2713 Phil.
359 2682 379 2711 i.
401 2691 447 2711 ιι.
576 2684 585 2700 ῑ
597 2681 691 2710 Rom.
706 2679 752 2710 iii.
772 2687 822 2709 22.
846 2678 917 2708 Gal.
934 2678 968 2708 ii.
989 2677 1037 2708 16.
1177 2682 1190 2695 ¹¹
1208 2675 1289 2705 Gen.
1306 2674 1348 2704 iv.
1364 2683 1412 2713 13.
1435 2673 1528 2703 Prov.
1544 2681 1576 2702 x.
1595 2679 1649 2708 24.

267 2737 348 2767 Mat.
363 2735 462 2765 xxvii.
479 2743 513 2771 4,
529 2741 558 2772 5.
581 2736 651 2764 Jac.
670 2734 772 2771 ii.·19.
802 2743 812 2762 ι
833 2733 930 2762 Joan.
946 2732 988 2761 iv.
1008 2730 1057 2760 18.
1210 2734 1223 2748 x
1239 2729 1319 2759 Mat.
1338 2727 1391 2757 vii.
1410 2735 1460 2765 23.
1485 2726 1563 2756 Luc.
1581 2723 1648 2753 viii.

272 2801 299 2829 ι,
320 2799 367 2829 ¹3-
397 2799 407 2819 1
429 2789 502 2819 Cor.
518 2788 585 2817 xiii.
604 2797 634 2824 2,
652 2795 684 2823 3,
708 2797 754 2825 ¹3-
779 2787 848 2816 Aac.
865 2786 897 2815 ii.
915 2785 963 2815 26.
989 2784 1054 2813 Tit.
1071 2783 1091 2813 i.
1114 2782 1160 2812 16.
