1799 3077
254 139 338 179 254
583 138 819 180 NOELLI
855 139 1320 181 CATECHISMUS.

249 252 466 307 Apostolis
496 259 514 290 q
533 251 630 302 suis,
663 267 768 307 quos
799 252 853 294 ad
892 252 996 294 illud
1033 268 1186 294 munus
1223 252 1415 308 elegerat,
1448 253 1643 296 mandata

249 319 377 361 dedit.

308 389 370 429 M.
402 389 476 429 An
506 387 602 428 satis
632 387 780 429 habuit
800 387 1029 428 doctrinam
1060 387 1166 428 hanc
1199 387 1437 444 simpliciter
1466 399 1507 431 et
1536 389 1643 432 clare

250 457 386 498 verbis
407 455 622 497 tradidisse
637 458 653 496 Ρ

308 527 364 566 A.
399 527 493 566 Imo
514 539 598 580 quo
618 522 955 580 propensioribus
980 538 1070 564 eam
1097 522 1243 564 animis
1272 524 1464 566 mortales
1490 526 1644 583 ample-

250 601 473 643 cterentur,
498 601 511 620 Γ
526 591 708 648 depulsis
727 591 895 642 morbis,
912 591 1067 647 fugatis
1087 599 1100 619 s
1114 590 1386 643 daemonibus,
1409 602 1534 650 atque
1555 595 1644 636 aliis

249 662 419 703 infinitis
439 660 659 711 beneficiis,
682 660 903 711 miraculis,
925 670 967 701 et
992 659 1131 716 signiS,
1154 660 1307 716 quibus
1329 670 1415 702 tota
1435 663 1561 718 tejus,
1583 674 1644 706 at-

250 745 332 785 que
348 728 649 785 Apostolorum
670 743 841 769 suorum
858 728 943 768 vita
962 727 1290 769 innocentissime
1312 728 1644 786 sanctissimeque

250 806 354 847 acta,
386 795 650 837 refertissima
682 807 782 847 erat,
810 796 982 838 eandem
1012 797 1269 838 confirmavit
1299 806 1425 853 atque
1457 813 1643 854 compro-

250 864 376 905 bavit.

309 933 372 972 M.
405 934 469 973 At
489 933 760 988 quamobrem
783 931 1043 989 Symbolum,
1065 932 1214 974 omissa
1234 933 1323 990 ejus
1343 933 1439 975 vitae
1457 933 1640 984 historia,

250 1016 275 1040 a
296 999 501 1041 natalibus
522 1001 658 1042 statim
680 1001 734 1041 ad
755 1010 929 1042 mortem
951 1000 1156 1041 transilit?

310 1070 365 1110 A.
399 1069 507 1119 Quia
526 1085 574 1110 ea
593 1078 756 1111 tantum
776 1069 819 1110 in
843 1068 1041 1126 Symbolo
1068 1077 1345 1119 recensentur,
1369 1084 1464 1124 quae
1485 1079 1581 1111 sunt.
1600 1069 1643 1111 in

250 1136 533 1193 redemptione
553 1146 692 1178 nostra
715 1136 973 1193 upraecipua,
994 1152 1173 1192 quaeque
1200 1135 1309 1177 illius
1338 1136 1396 1177 ita
1427 1146 1523 1179 sunt
1549 1153 1644 1194 pro·

251 1203 355 1260 pria,
374 1213 420 1245 ut
441 1204 530 1260 ejus
549 1204 667 1260 quasi
689 1205 960 1246 substantiam
980 1204 1023 1244 in
1045 1219 1086 1244 se
1107 1203 1444 1260 complectantur.

309 1274 373 1313 M.
406 1273 435 1313 J
439 1288 505 1313 am
526 1273 670 1314 mortis
690 1273 779 1330 ejus
799 1273 985 1314 ordinem
1007 1282 1048 1314 et
1069 1272 1240 1313 modum
1262 1273 1363 1313 mihi
1383 1273 1569 1315 edissere.

307 1343 362 1382 A.
396 1343 440 1381 A
473 1341 556 1382 suis
588 1341 742 1382 nefarie
772 1341 1011 1398 Xproditus,
1043 1357 1067 1381 a
1096 1342 1126 1382 J
1131 1341 1261 1382 udaeis
1290 1357 1365 1397 per
1394 1342 1642 1383 calumniam

249 1409 531 1465 malitiamque
561 1419 791 1460 accusatus,
827 1425 852 1450 a
885 1409 1037 1450 Pontio
1073 1409 1210 1451 Pilato
1235 1410 1378 1465 judice
1408 1410 1641 1461 damnatus,

251 1477 368 1518 saevis
384 1476 625 1517 verberibus
641 1476 861 1517 crudeliter
876 1493 1019 1528 caesus,
1040 1485 1079 1517 et
1100 1476 1280 1532 indignis
1300 1477 1431 1518 modis
1451 1489 1643 1534 acceptus

249 1554 375 1601 atque
395 1544 555 1596 illusus,
577 1545 618 1585 in
641 1560 802 1586 crucem
826 1545 1027 1595 sublatus,
1049 1544 1107 1585 illi
1129 1544 1302 1586 suffixus
1322 1555 1407 1593 est3
1440 1555 1566 1602 atque
1586 1546 1644 1587 ita

250 1615 361 1656 omni
393 1614 595 1671 supplicio
626 1614 899 1665 excruciatus,
928 1614 1200 1670 ignominiosa
1230 1624 1356 1671 atque
1387 1615 1645 1657 acerbissima

250 1693 382 1724 morte
403 1684 574 1724 affectus
596 1691 666 1724 est.

310 1754 373 1793 M.
408 1751 622 1792 Hanccine
656 1751 833 1807 gratiam
868 1766 944 1807 pro
980 1750 1134 1792 coelesti
1164 1750 1235 1791 illa
1265 1750 1465 1802 doctrina,
1497 1760 1538 1792 et
1568 1767 1644 1809 pro

252 1820 442 1861 maximis
462 1819 541 1861 illis
561 1828 687 1875 atque
707 1818 877 1860 infinitis
897 1819 1052 1860 meritis
1072 1819 1149 1875 ipsi
1168 1819 1430 1860 retulerunt?

309 1891 358 1930 A.
393 1889 499 1929 Haec
530 1888 699 1943 quidem
730 1887 789 1928 illi
818 1886 858 1928 in
890 1902 986 1928 eum
1019 1887 1254 1937 crudeliter,
1282 1886 1495 1937 malitiose,
1517 1896 1643 1943 atque

251 1958 376 2014 impie
405 1965 722 2014 perpetrarunt;
756 1971 900 1996 verum
929 1956 1016 2012 ipse
1037 1971 1111 1997 sua
1131 1963 1275 2011 sponte
1295 1964 1372 1996 yae
1393 1954 1533 1996 volens
1555 1955 1643 1996 haec

251 2025 388 2066 omnia
419 2040 638 2082 perpessus
667 2034 793 2080 atque
828 2024 1073 2080 perfunctus
1106 2032 1180 2073 est,
1202 2035 1249 2064 ut
1278 2022 1428 2063 iratum
1460 2022 1643 2064 humano

249 2093 391 2150 generi
430 2095 599 2135 Patrem
644 2092 840 2134 sacrificio
880 2092 958 2133 hoc
993 2091 1233 2132 suavissimo
1277 2091 1471 2147 placaret,
1511 2101 1643 2146 utque

252 2177 395 2218 poenas
418 2171 436 2191 Ζ
451 2162 569 2203 nobis
596 2161 756 2203 debitas
776 2160 1027 2217 dependeret
1058 2175 1104 2200 ac
1134 2159 1398 2215 persolveret,
1420 2168 1545 2215 atque
1570 2174 1645 2200 nos

251 2246 302 2271 ex
325 2229 403 2272 illis
422 2231 500 2272 hoc
520 2230 645 2272 modo
666 2229 874 2271 eximeret.
923 2229 1072 2284 Neque
1093 2227 1201 2268 enim
1222 2227 1328 2269 inter
1347 2227 1533 2268 homines
1553 2227 1645 2268 inu-

255 2298 437 2350 sitatum,
465 2307 513 2340 ut
542 2298 645 2340 alter
677 2313 754 2355 pro
785 2297 915 2338 altero
946 2296 1159 2353 spondeat,
1193 2305 1264 2337 aet
1297 2296 1538 2352 fidejubeat,
1570 2305 1643 2337 aut

298 2412 312 2430 ‘1
336 2406 417 2435 Mat.
433 2405 543 2435 xxviii.
565 2404 615 2443 18,
638 2414 686 2444 19.
712 2403 796 2434 Mar.
814 2403 878 2434 xvi.
899 2411 948 2442 15.
1093 2409 1105 2423 r
1129 2402 1211 2433 Mat.
1227 2402 1271 2432 iv.
1290 2410 1340 2439 24.
1364 2401 1431 2432 viii.
1451 2411 1479 2432 2.
1504 2401 1572 2431 xiii.
1594 2410 1642 2441 15.

255 2465 264 2478 ⁵
289 2459 373 2489 Mar.
391 2459 435 2488 ix.
458 2458 505 2488 18.
530 2459 603 2489 Act.
619 2469 647 2487 x.
662 2457 715 2496 38.
844 2458 853 2476 2
869 2457 941 2486 Act.
959 2455 992 2485 ii.
1013 2465 1064 2493 22,
1081 2464 1134 2494 43.
1157 2455 1203 2485 iii.
1222 2455 1251 2486 6.
1276 2466 1304 2485 v.
1323 2464 1355 2495 5,
1377 2463 1428 2492 12,
1448 2462 1502 2494 15,
1523 2454 1573 2492 16,
1594 2465 1643 2495 19.

254 2520 268 2533 ¹·
295 2513 380 2542 Esai.
398 2512 457 2542 liii.
472 2516 551 2542 toto.
574 2513 647 2542 Act.
665 2511 734 2541 xiii.
753 2519 805 2549 23,
825 2517 877 2550 27,
896 2511 956 2540 &c.
1087 2515 1102 2529 x
1122 2510 1210 2540 Esai.
1228 2509 1286 2539 liii.
1312 2510 1393 2539 Mat.
1410 2509 1499 2539 xxvi.
1520 2517 1570 2547 14,
1589 2518 1642 2548 59,

256 2566 310 2601 60,
324 2565 376 2595 61.
400 2566 499 2596 xxvii.
517 2564 569 2603 26,
589 2566 641 2604 28,
659 2574 713 2603 33,
730 2574 785 2603 34,
805 2565 863 2594 διο.
889 2564 974 2594 Mar.
991 2574 1043 2594 xv.
1060 2569 1139 2594 toto.
1157 2564 1236 2594 Luc.
1251 2563 1340 2593 xxiii.
1353 2567 1432 2593 toto.
1447 2562 1642 2592 Joan.xviii.

255 2620 321 2649 xix.
335 2623 414 2649 toto.
551 2626 566 2645 y
583 2620 665 2650 Mat.
682 2629 736 2649 xx.
751 2619 800 2649 28.
824 2619 910 2648 Mar.
927 2627 959 2648 x.
977 2625 1030 2657 45.
1056 2619 1150 2648 Joan.
1167 2628 1195 2647 x.
1213 2627 1264 2655 11,
1283 2626 1333 2657 15,
1352 2622 1402 2656 17,
1419 2616 1469 2646 18.
1492 2616 1587 2646 Rom.
1602 2615 1643 2645 iv.

256 2680 308 2712 25.
333 2673 439 2703 Colos.
456 2672 477 2702 i.
496 2682 547 2703 20.
694 2679 705 2692 ⁷<
728 2672 816 2702 Esai.
834 2672 894 2701 liii.
909 2676 988 2702 toto.
1014 2680 1031 2702 2
1050 2672 1124 2702 Cor.
1138 2682 1168 2702 v.
1187 2679 1237 2700 21.
1263 2671 1334 2700 Gal.
1351 2671 1372 2700 i.
1387 2678 1418 2708 4.
1441 2669 1557 2708 Ephes.
1573 2669 1594 2699 i.
1614 2676 1642 2709 7.

255 2725 362 2756 Colos.
379 2725 412 2755 ii.
434 2733 481 2763 ¹4-
570 2733 583 2746 ³
606 2727 687 2757 Gen.
703 2725 840 2766 xlii.19,
857 2733 909 2764 24,
922 2731 975 2764 37.
999 2725 1080 2756 xliii.
1096 2734 1129 2766 9,
1145 2734 1194 2764 23.
1219 2724 1295 2755 xliv.
1312 2722 1361 2761 16,
1376 2731 1432 2761 32,
1448 2731 1502 2760 33.
