1799 3077
511 125 738 168 JUELLI
772 125 1102 169 APOLOGIA.
1414 130 1496 174 127

111 237 175 279 nis
200 237 370 287 Christi,
399 237 520 294 cujus
549 239 862 295 participatione
888 240 1161 292 vivificamur,
1182 249 1436 296 vegetamur,
1464 252 1505 284 et

111 306 318 362 pascimur
338 305 392 346 ad
412 305 777 359 immortalitatem,
794 316 835 348 et
851 323 925 363 per
945 322 1070 363 quam
1089 308 1398 364 conjungimur,
1415 311 1505 350 uni-

112 390 221 425 mur,
244 382 285 415 et
304 374 616 430 incorporamur
639 375 820 426 Christo,
843 385 891 417 ut
917 391 992 416 nos
1019 375 1062 416 in
1088 375 1159 417 illo
1190 391 1443 429 maneamuS,
1465 388 1505 420 ct

112 441 180 483 ille
199 442 242 482 in
265 441 404 492 nobi&

171 511 272 551 Duo
292 518 432 551 autem
454 519 720 561 sacramenta,
743 526 839 567 quae
860 527 908 552 eo
927 511 1092 552 nomine
1112 511 1278 568 proprie
1305 514 1507 554 censenda

115 587 225 629 sunt,
248 578 522 634 agnoscimus,
547 578 825 635 Baptismum,
843 587 884 620 et
905 579 1225 630 Eucharistiam,
1244 588 1305 621 tot
1326 580 1431 621 enim
1450 581 1507 621 vi-

114 645 262 686 demus
292 645 444 686 tradita
474 661 559 686 esse
589 656 630 687 et
659 656 894 687 consecrata
923 661 948 686 a
979 646 1162 697 Christo,
1185 656 1225 688 et
1254 663 1279 688 a
1300 647 1507 689 veteribus

116 713 326 763 Patribus,
350 713 592 763 Ambrosio,
615 722 655 754 et
676 713 935 769 Augustino,
956 715 1195 770 approbata.

174 779 232 820 Et
272 780 535 836 Baptismum
574 780 743 836 quidem
785 791 1086 822 sacramentum
1133 797 1217 823 esse
1261 781 1508 823 remissionis

116 856 394 904 peccatorum,
427 859 467 888 et
502 848 591 903 ejus
628 847 850 888 ablutionis
883 864 1010 904 quam
1044 849 1245 890 habemus
1279 850 1322 890 in
1353 850 1508 890 Christi

117 915 342 971 sanguine;
387 924 428 956 et
463 916 516 956 ab
552 932 600 957 eo
635 916 855 966 neminem,
889 916 961 972 qui
998 917 1096 958 velit
1135 917 1319 974 profiteri
1359 933 1508 958 nomen

118 983 289 1034 Christi,
310 999 361 1024 ne
390 983 569 1026 infantes
599 983 768 1040 quidem
795 984 1124 1026 Christianorum
1157 985 1385 1034 hominum,
1408 1000 1509 1040 quo-

118 1050 228 1092 niam
248 1061 475 1093 nascuntur
494 1052 537 1093 in
557 1062 739 1109 peccato,
757 1062 797 1094 et
818 1052 1025 1109 pertinent
1044 1053 1097 1094 ad
1113 1052 1317 1110 populum
1336 1052 1430 1105 Dei,
1447 1068 1510 1093 ar-

118 1121 269 1161 cendos
289 1136 388 1161 esse.

176 1188 482 1230 Eucharistiam
504 1205 589 1230 esse
613 1191 939 1241 Sacramentum,
961 1190 1039 1232 hoc
1061 1200 1135 1241 est,
1159 1190 1392 1247 symbolum
1418 1205 1512 1232 con-

120 1256 310 1313 spicuum
331 1257 513 1313 corporis
533 1266 572 1298 et
595 1258 805 1314 sanguinis
823 1258 992 1310 Christi,
1010 1259 1051 1299 in
1073 1275 1158 1315 quo
1178 1259 1394 1315 subjicitur
1411 1274 1513 1315 quo-

120 1325 343 1367 dammodo
363 1326 491 1367 oculis
511 1323 660 1367 nostris
680 1342 790 1367 mors
813 1327 982 1378 Christi,
1004 1336 1045 1368 et
1073 1328 1162 1383 ejus
1189 1327 1449 1378 resurrectio,
1472 1335 1513 1368 et

118 1409 381 1450 quaecunque
399 1394 525 1450 gessit
545 1394 587 1435 in
609 1394 791 1435 humano
811 1411 1009 1451 corpore;
1043 1404 1090 1436 ut
1117 1396 1169 1436 de
1196 1396 1285 1451 ejus
1311 1404 1443 1436 morte
1471 1405 1512 1436 et

120 1471 261 1503 nostra
288 1462 527 1503 liberatione
557 1462 709 1517 gratias
739 1478 924 1518 agamus,
952 1472 991 1503 et
1022 1462 1352 1519 frequentatione
1382 1478 1512 1503 sacra-

120 1540 370 1582 mentorum,
398 1530 487 1586 ejus
516 1530 575 1570 rei
605 1530 844 1571 memoriam
874 1529 1037 1571 assidue
1066 1545 1325 1581 renovemus,
1348 1538 1395 1570 ut
1414 1546 1512 1571 vero

123 1597 279 1638 Christi
299 1613 469 1654 corpore
496 1607 537 1639 et
564 1598 762 1654 sanguine
793 1598 965 1648 alamur,
988 1599 1030 1639 in
1061 1613 1175 1655 spem
1205 1598 1512 1640 resurrectionis

121 1674 162 1706 et
183 1664 279 1706 vitae
299 1674 477 1715 aeternae,
500 1673 630 1722 utque
651 1682 727 1722 pro
748 1666 972 1707 certissimo
993 1667 1231 1715 habeamus,
1253 1666 1296 1708 id
1317 1682 1401 1708 esse
1428 1667 1513 1707 ani-

122 1732 200 1773 mis
220 1733 368 1773 nostris
389 1733 545 1774 alendis
565 1750 715 1791 corpus
735 1743 775 1776 et
803 1735 1044 1791 sanguinem
1068 1734 1237 1786 Christi,
1260 1735 1374 1791 quod
1403 1734 1512 1775 alen-

123 1801 187 1842 dis
204 1801 445 1857 corporibus
465 1811 526 1843 est
546 1802 663 1858 panis
683 1812 724 1844 et
744 1803 900 1844 vinum.
957 1803 1030 1843 Ad
1050 1803 1128 1844 hoc
1149 1803 1317 1860 epulum
1340 1803 1514 1844 invitan-

123 1869 225 1910 dum
248 1885 334 1911 esse
353 1869 572 1926 populum,
596 1879 644 1911 ut
667 1886 808 1912 omnes
835 1871 942 1912 inter
972 1887 1013 1912 se
1043 1871 1359 1923 communicent,
1382 1881 1422 1912 et
1453 1887 1514 1913 so-

124 1937 313 1979 cietatem
355 1954 471 1979 suam
511 1938 618 1980 inter
652 1955 708 1990 es,
744 1954 942 1996 spemque
977 1954 1083 1990 eam,
1120 1955 1246 1996 quam
1281 1940 1436 1981 habent
1471 1940 1513 1980 in

126 2007 293 2048 Christo
312 2008 342 2048 J
345 2023 431 2058 esu,
454 2007 620 2064 publice
642 2008 884 2064 significent,
906 2016 944 2049 et
967 2008 1247 2050 testificentur.
1301 2010 1450 2065 Itaque
1480 2008 1513 2049 si

124 2075 218 2130 quis
232 2074 391 2126 fuisset,
413 2075 485 2131 qui
507 2084 711 2132 spectator
733 2085 894 2117 tantum
918 2091 1003 2117 esse
1024 2075 1135 2126 velit,
1158 2085 1198 2117 et
1218 2091 1242 2116 a
1258 2091 1370 2116 sacra
1389 2077 1512 2116 Com-

126 2142 322 2184 munione
351 2144 587 2195 abstineret,
609 2144 726 2185 illum
747 2154 904 2185 veteres
934 2146 1092 2194 Patres,
1114 2155 1155 2185 et
1179 2146 1389 2185 Romanos
1410 2143 1512 2199 Epi-
1525 2151 1673 2189 Chrysog-

125 2226 268 2267 scopos
302 2211 344 2252 in
375 2211 584 2268 primitiva
617 2212 817 2264 Ecclesia,
836 2221 1059 2268 antequam
1091 2222 1188 2253 nata
1214 2221 1317 2253 esset
1351 2210 1512 2267 privata
1523 2195 1713 2274 {sffffess-‘lser’

127 2278 273 2330 Missa,
310 2288 507 2336 tanquam
543 2280 779 2337 improbum
814 2288 940 2336 atque
970 2280 1200 2321 Ethnicum
1234 2278 1513 2320 excommuni-
1524 2287 1572 2351 ge
1587 2332 1694 2352 consec

125 2362 260 2395 casse;
298 2362 433 2404 neque
463 2348 595 2389 ullum
626 2348 752 2389 fuisse
782 2364 831 2390 eo
865 2358 1049 2404 tempore
1079 2347 1286 2388 hominem
1316 2345 1511 2388 Christia-
1524 2344 1727 2405 Dist.1.cai›.

127 2429 243 2465 num,
285 2416 357 2471 qui
396 2416 552 2457 caeteris
592 2417 870 2473 spectantibus
909 2415 1225 2457 communicaret
1267 2415 1387 2456 solus.
1448 2415 1513 2456 Ita
1523 2409 1650 2466 ornnes.

126 2483 222 2523 olim
244 2482 425 2524 decrevit
446 2484 650 2534 calixtus,
672 2495 720 2525 ut
739 2493 904 2540 peracta
919 2483 1233 2533 consecratione,
1251 2498 1391 2524 omnes
1406 2497 1514 2523 com-
1525 2462 1727 2533 ξζὲζιξζὲμ

128 2551 398 2602 municarent,
421 2551 497 2592 nisi
517 2552 684 2593 mallent
705 2568 841 2593 carere
862 2551 1157 2593 Ecclesiasticis
1177 2551 1400 2593 liminibus.
1448 2551 1513 2592 Sic

129 2619 237 2660 enim
267 2619 325 2660 ait
346 2618 571 2675 Apostolos
601 2619 804 2671 statuisse,
827 2629 869 2661 ct
899 2628 1079 2660 sanctam
1110 2620 1342 2660 Romanam
1375 2618 1514 2659 Eccle-

130 2687 230 2728 siam
251 2695 400 2728 tenere.
462 2686 627 2743 Populo
648 2702 745 2727 vero
771 2686 825 2727 ad
853 2701 1007 2727 sacram
1029 2685 1374 2727 communionem
1404 2701 1515 2727 acce·
1526 2696 1573 2723 De
1590 2703 1722 2723 consecr.

231 2754 239 2761 -
903 2754 910 2761 -
957 2753 963 2760 -
1528 2738 1726 2774 Dist.2.cnp.

129 2753 258 2805 dentl,
289 2762 509 2810 utramque
540 2763 699 2811 partem
731 2754 1005 2795 Eucharlstiae
1035 2753 1276 2795 tradendam
1308 2767 1403 2793 esse.
1466 2751 1514 2792 Id
1527 2781 1661 2809 Peracta.
