1799 3077
291 127 376 166 300
624 124 860 166 NOELLI
894 124 1358 166 CATECHISMUS.

287 245 361 278 get
381 236 680 288 crudelitatem,
703 237 775 293 qui
808 237 940 278 modis
969 237 1162 278 omnibus
1190 237 1405 278 veritatem
1437 237 1678 293 extinguere

286 314 411 361 atque
441 306 686 362 opprimere,
709 305 896 360 adeoque
915 305 1107 346 funditus
1137 304 1273 345 delere
1302 313 1517 355 conantur,
1539 305 1678 360 praesi-

287 373 356 414 dio
387 389 462 414 suo
493 382 672 423 tueatur,
706 382 745 413 et
776 373 997 419 defendat3
1031 382 1079 414 ut
1110 372 1213 413 nihil
1244 387 1344 422 esse,
1366 372 1481 428 quod
1512 372 1677 414 Divinae

287 440 469 481 veritatis
498 440 660 480 invictae
690 439 834 480 virtuti
865 439 1050 480 resistere
1085 449 1224 495 queat,
1258 439 1520 481 manifestum
1552 449 1677 496 atque

288 516 481 549 testatum
503 507 695 548 omnibus
715 507 798 548 fiat.

345 578 409 617 M.
443 578 577 632 Perge
597 591 721 631 porro
741 575 793 615 de
813 590 942 630 regno
963 574 1044 615 Dei
1065 573 1210 615 dicere.

343 646 398 684 A.
433 645 657 684 Precamur
684 651 732 683 ut
753 642 1081 698 quamplurimos
1099 642 1121 670 h
1138 642 1382 684 sacrosancti
1410 643 1538 699 hujus
1566 644 1678 685 verbi

285 712 472 753 doctrina
501 711 725 760 institutos,
747 721 788 752 et
808 710 979 752 veritate
999 710 1202 751 adductos
1222 726 1244 751 e
1265 711 1443 752 tenebris
1471 711 1514 752 in
1544 712 1677 753 lucem

285 788 416 830 vocet,
434 794 585 834 eosque
604 779 647 819 in
669 793 889 819 numerum
910 786 1182 834 sanctumque
1202 788 1355 819 coetum
1378 795 1515 830 suum,
1537 780 1580 820 id
1600 789 1676 830 est,

284 845 511 887 Ecclesiam
535 861 665 896 suam,
687 846 729 886 in
750 861 835 901 qua
862 845 1072 902 praecipue
1100 854 1260 901 regnat,
1281 857 1541 902 aggregatos,
1563 845 1679 903 iSpi-

284 913 367 954 ritu
390 929 464 955 suo
484 913 647 954 assidue
673 914 892 969 gubernet,
914 921 1040 967 atque
1074 921 1120 952 ut
1150 911 1299 953 milites
1326 929 1434 964 suos,
1455 912 1475 941 ¹<
1489 928 1583 964 cum
1605 913 1677 954 ho-

285 979 365 1020 stili
399 980 593 1021 vitiorum
626 980 805 1036 agmine,
827 979 944 1035 quasi
975 978 1156 1020 exercitu
1191 980 1367 1030 Satanae,
1391 995 1552 1021 summa
1582 995 1676 1021 con-

286 1048 465 1089 tentione
494 1059 697 1104 perpetuo
718 1048 986 1097 decertantes,
1009 1046 1164 1087 auxilio
1185 1062 1259 1088 suo
1283 1047 1429 1103 juvet3
1466 1058 1511 1089 ut
1539 1049 1581 1089 in
1603 1049 1678 1089 Di-

285 1115 382 1156 vina
415 1116 504 1172 ejus
545 1116 699 1157 virtute
739 1115 974 1156 firmitatem
1011 1126 1052 1155 et
1091 1114 1219 1155 robur
1259 1124 1457 1166 tenentes,
1495 1117 1678 1158 coercitis

284 1183 569 1224 affectionibus
596 1182 735 1238 pravis
763 1181 914 1237 latque
944 1181 1140 1231 distortis,
1161 1181 1300 1222 fractis
1329 1181 1578 1239 domitisque
1607 1199 1677 1224 cu-

282 1249 541 1305 piditatibus,
559 1250 689 1300 victis,
706 1250 823 1300 fusis,
841 1248 1010 1305 fugatis,
1028 1258 1153 1304 atque
1173 1249 1403 1305 profligatis
1418 1250 1528 1291 vitiis
1547 1251 1677 1292 omni-

283 1316 376 1367 bus,
393 1317 598 1358 coelestem
620 1316 942 1373 Rempublicam
963 1325 1004 1357 et
1025 1317 1223 1372 Regnum
1246 1327 1426 1372 augeant
1446 1327 1572 1373 atque
1592 1333 1676 1359 am-

284 1385 479 1441 plificent,
503 1387 596 1426 Deo
618 1394 650 1414 m
666 1400 739 1441 per
762 1384 963 1441 Spiritum
989 1385 1153 1426 interim
1182 1399 1303 1425 suum
1324 1385 1366 1425 in
1387 1385 1571 1442 ipsorum
1590 1387 1676 1429 ani-

285 1453 362 1494 mis
383 1463 581 1510 regnante
601 1463 727 1509 atque
747 1453 986 1509 imperante.

345 1521 408 1561 M.
443 1521 532 1561 Ista
551 1519 737 1576 quotidie
757 1520 845 1560 fieri
867 1519 1068 1560 videmus.

341 1590 397 1629 A.
432 1588 564 1629 Fiunt
597 1587 766 1643 quidem
799 1587 887 1629 haec
917 1587 1117 1643 quotidie,
1139 1587 1197 1628 ita
1227 1597 1274 1629 ut
1305 1589 1480 1630 nDeum
1510 1589 1673 1646 piorum

284 1664 410 1712 atque
442 1655 664 1711 impiorum
695 1655 894 1696 rationem
924 1655 1076 1696 habere
1107 1654 1203 1695 satis
1232 1655 1523 1712 intelligamuS,
1545 1667 1676 1713 utque

284 1724 482 1779 Regnum
505 1723 586 1764 Dei
605 1723 647 1763 in
668 1723 746 1764 hoc
766 1723 924 1764 mundo
948 1722 1143 1779 praeclare
1163 1722 1402 1764 inchoatum
1422 1724 1552 1765 videri
1582 1741 1674 1782 pos-

285 1790 359 1838 sit3
394 1801 585 1847 optamus
616 1801 767 1841 tamen,
790 1799 839 1831 ut
867 1790 1041 1831 assiduis
1071 1790 1329 1832 incrementis
1356 1808 1404 1833 eo
1438 1808 1571 1849 usque
1601 1809 1674 1837 au,-

282 1868 435 1914 gescat,
458 1867 504 1899 ut
533 1858 719 1914 reprobis
749 1857 953 1908 omnibus,
976 1858 1080 1914 ⁰qui
1112 1860 1275 1899 Satanae
1304 1858 1501 1901 instinctu
1530 1870 1673 1902 contra

283 1925 465 1966 divinam
494 1925 708 1967 veritatem
743 1926 1052 1976 contumaciter,
1074 1934 1199 1981 atque
1228 1926 1431 1967 obstinate
1461 1928 1671 1980 resistunt,

283 2002 325 2034 et
354 2003 603 2049 repugnant,
625 2002 666 2034 et
686 1992 794 2034 vitiis
820 2002 946 2049 atque
972 1992 1137 2049 flagitiis
1163 1993 1355 2034 omnibus
1375 2009 1459 2034 sese
1478 1997 1674 2037 contami-

284 2070 442 2111 nantes,
475 2061 555 2102 Dei
589 2062 740 2117 Regno
769 2070 895 2117 atque
924 2060 1096 2118 imperio
1127 2061 1328 2116 subjicere
1359 2072 1562 2113 recusant,
1593 2065 1672 2106 sub

276 2128 431 2185 jugum
451 2129 597 2179 missis,
618 2138 744 2185 atque
773 2129 969 2185 perditis;
1003 2137 1022 2166 P
1039 2130 1284 2184 Satanaeque
1304 2129 1432 2185 ipsius
1454 2132 1671 2187 tyrannide

283 2196 474 2238 funditus
508 2196 656 2247 deleta,
692 2197 963 2253 hostibusque
992 2197 1184 2237 omnibus
1213 2198 1421 2249 confectis,
1452 2200 1670 2256 oppressis,

283 2272 409 2320 atque
428 2263 605 2314 obtritis,
627 2264 685 2305 ita
705 2273 753 2305 ut
771 2264 873 2305 nihil
893 2274 1035 2306 contra
1055 2263 1135 2305 Dei
1157 2273 1307 2306 nutum
1327 2275 1453 2321 atque
1474 2266 1669 2308 ditionem

326 2387 340 2406 8
357 2380 434 2411 Luc.
452 2391 483 2411 x.
498 2390 529 2419 3.
552 2391 608 2411 xx.
630 2390 680 2418 12,
699 2382 757 2411 διε.
778 2387 828 2420 17,
847 2380 895 2411 18.
916 2382 1012 2410 Joau.
1030 2380 1095 2410 xvi.
1114 2390 1144 2417 2,
1162 2389 1193 2419 3.
1216 2380 1292 2410 xvii.
1312 2388 1362 2418 14,
1383 2388 1432 2420 15.
1554 2381 1568 2402 ὴ
1585 2382 1669 2412 Mar.

283 2432 303 2462 i·
325 2441 376 2472 14,
398 2442 446 2474 15.
472 2435 549 2465 Luc.
567 2435 610 2465 iv.
626 2435 678 2472 18,
695 2445 744 2475 ¹9·
766 2435 862 2465 Joan.
879 2434 957 2465 xvii.
973 2441 1023 2474 17,
1039 2443 1091 2475 19,
1106 2443 1158 2471 20,
1174 2443 1224 2464 21.
1252 2444 1264 2464 1
1282 2434 1348 2464 Pet.
1363 2434 1396 2464 ii.
1409 2443 1440 2474 9,
1461 2444 1509 2464 10.
1553 2434 1670 2466 *Joam

283 2487 347 2516 xvi.
367 2496 415 2526 13·
632 2488 647 2509 ¹<
664 2489 743 2519 Luc.
760 2489 839 2519 xxii.
854 2498 907 2527 3¹·
942 2489 1058 2528 Ephes.
1075 2488 1119 2519 vi.
1136 2498 1187 2524 10,
1206 2497 1256 2526 11,
1277 2495 1327 2527 17,
1345 2488 1392 2517 18.
1429 2498 1440 2518 ι
1460 2488 1526 2518 Pet.
1542 2499 1572 2518 v.
1589 2489 1622 2526 8,
1640 2498 1669 2529 9.

285 2537 402 2570 ¹Rom.
419 2540 440 2570 i.
462 2550 512 2578 11,
533 2551 580 2572 12.
603 2542 672 2573 viii.
693 2553 722 2580 1,
739 2550 772 2582 5,
793 2544 850 2573 &c.
873 2552 923 2581 10,
944 2551 994 2581 12,
1010 2543 1068 2573 &c.
1265 2548 1287 2561 ¹¹¹
1304 2543 1398 2572 Rom.
1414 2542 1481 2572 viii.
1498 2551 1530 2583 9,
1549 2551 1600 2577 10,
1620 2552 1669 2572 11.

288 2602 299 2622 1
319 2594 414 2623 Joan.
431 2594 478 2624 iii.
494 2603 544 2633 24.
566 2596 608 2626 iv.
629 2605 678 2635 13.
836 2602 851 2616 ¹¹
867 2596 950 2627 Psal.
966 2596 1078 2626 xxxiv.
1101 2604 1151 2635 15,
1172 2594 1220 2626 16.
1244 2595 1366 2626 xxxvii.
1382 2605 1415 2636 9,
1435 2605 1487 2633 10,
1506 2596 1563 2625 Sec.
1588 2594 1668 2625 lviii.

284 2652 317 2684 5,
335 2644 367 2682 6,
383 2655 416 2685 9,
436 2656 483 2677 10-
647 2654 661 2669 ⁰
676 2650 758 2680 Mat.
775 2649 844 2679 xiii.
860 2649 916 2688 38,
932 2658 985 2688 41.
1009 2649 1087 2680 xxii.
1105 2648 1137 2686 6,
1157 2655 1187 2688 7,
1208 2659 1257 2687 13.
1282 2649 1361 2679 Luc.
1378 2648 1446 2679 xix.
1464 2657 1515 2685 14,
1535 2655 1585 2687 27.
1610 2648 1667 2678 xii.

284 2706 338 2738 45,
355 2698 407 2737 46.
429 2710 482 2730 xx.
501 2701 548 2732 16.
697 2709 712 2729 ι’
730 2703 812 2734 Mat.
829 2713 904 2734 xxv.
922 2712 975 2743 41.
1000 2704 1097 2735 Rom.
1111 2704 1177 2734 xvi.
1197 2712 1247 2734 20.
1275 2712 1285 2732 1
1307 2703 1381 2734 Cor.
1397 2713 1450 2733 xv.
1469 2711 1521 2740 24,
1541 2712 1593 2743 25,
1613 2703 1666 2739 26,

286 2753 343 2784 &c.
359 2760 413 2793 54,
431 2761 485 2794 55,
507 2754 562 2794 56>
581 2762 632 2795 57·
