1799 3077
523 148 756 190 JUELLI
789 149 1126 191 APOLOGIA.
1436 159 1518 201 195

129 262 199 304 sed
221 261 337 319 quod
356 261 455 304 olim
486 261 613 304 sancti
642 263 802 313 Patres,
822 263 1021 319 quodque
1051 264 1226 321 majores
1257 265 1384 306 nostri
1414 283 1521 324 saepe

127 332 331 382 fecerunt,
350 330 592 387 provinciali
622 339 828 372 conventu
856 340 1016 373 nostras
1036 332 1241 373 Ecclesias
1271 334 1517 384 restituisse;

128 399 326 456 Episcopi
344 414 442 440 vero
462 399 657 450 Romani,
680 399 747 440 cui
766 399 951 441 obstricti
982 415 1064 441 non
1085 416 1262 451 eramus,
1285 401 1441 457 quique
1463 403 1522 444 ni-

127 468 186 508 hil
206 467 387 508 habebat
406 482 480 508 nec
502 467 671 518 Christi,
689 483 763 508 nec
785 467 914 519 Petri,
933 483 1008 509 nec
1030 469 1239 525 Apostoli,
1262 485 1336 510 nec
1356 471 1524 512 omnino

128 535 325 592 Episcopi
353 535 497 586 simile,
513 536 669 592 jugum
692 544 733 577 et
753 536 1016 592 tyrannidem
1036 552 1113 593 pro
1134 552 1196 587 eo,
1219 553 1266 578 ac
1286 538 1522 590 debuimus,

128 602 366 644 excussisse.
426 604 656 653 Postremo,
679 618 753 644 nos
782 603 889 644 inter
913 619 987 644 nos
1008 604 1060 645 de
1080 604 1273 646 omnibus
1303 606 1521 662 dogmatis,

129 680 170 712 et
200 671 404 727 capitibus
435 671 665 727 Religionis
697 671 944 713 Christianae
976 673 1208 724 convenire,
1245 683 1286 717 et
1320 690 1404 716 uno
1438 690 1522 726 ore,

129 755 298 796 unoque
320 740 466 796 spiritu
488 739 620 780 colere
640 741 797 791 Deum,
820 750 860 781 et
881 742 1049 782 Patrem
1071 741 1241 783 Domini
1269 742 1397 784 nostri
1418 744 1447 784 J
1452 758 1524 784 esu

130 808 297 850 Christi.

187 877 340 926 Quare,
364 875 597 917 Christiane
627 891 674 916 ac
704 876 770 931 pie
802 877 969 927 Lector,
991 892 1087 918 cum
1107 877 1247 918 videas
1276 878 1454 920 rationes
1483 888 1525 921 et

129 960 285 996 causas,
308 954 350 985 et
378 943 580 985 restitutae
611 945 724 1000 apud
755 959 828 985 nos
860 945 1104 1001 Religionis,
1137 955 1178 986 et
1209 946 1440 988 secessionis
1471 948 1525 989 ab

129 1013 216 1054 istis
246 1021 410 1063 nostrae,
433 1012 573 1053 mirari
603 1027 685 1053 non
716 1012 855 1063 debes,
880 1013 912 1054 si
946 1013 1113 1056 Christo
1143 1022 1283 1055 nostro
1315 1015 1527 1072 obtempe-

130 1097 220 1131 rare
257 1080 494 1131 maluimus,
532 1096 658 1136 quam
689 1081 937 1122 hominibus.
999 1081 1158 1123 Paulus
1188 1097 1262 1123 nos
1292 1083 1524 1135 admonuit,

131 1165 182 1191 ne
203 1149 324 1190 variis
354 1148 441 1190 istis
462 1149 658 1190 doctrinis
690 1164 764 1190 nos
794 1149 945 1190 abduci
980 1159 1241 1206 pateremur3
1275 1159 1407 1207 utque
1436 1152 1526 1194 illos

130 1219 172 1259 in
193 1218 336 1274 primis
355 1217 609 1274 fugeremus,
632 1218 705 1274 qui
736 1228 915 1259 sererent
936 1218 1207 1259 dissensiones
1235 1230 1386 1275 praeter
1414 1221 1525 1262 illam

131 1285 375 1335 doctrinam,
397 1301 524 1341 quam
545 1301 568 1326 a
591 1285 773 1335 Christo,
796 1296 836 1326 et
857 1285 1074 1342 Apostolis
1097 1287 1357 1342 accepissent.
1409 1289 1439 1328 J
1442 1303 1527 1328 ain-

131 1354 310 1405 dudum,
338 1363 386 1395 ut
414 1364 567 1395 noctua
596 1355 650 1395 ad
680 1354 878 1395 orientem
912 1354 1052 1405 solem,
1085 1354 1142 1395 ita
1173 1355 1345 1395 istorum
1377 1355 1528 1412 impos-

132 1432 238 1463 turae
269 1421 526 1472 dilabuntur,
551 1431 591 1463 et
621 1422 792 1478 fugiunt
820 1422 873 1462 ad
904 1431 1130 1477 aspectum,
1154 1432 1194 1463 et
1224 1422 1356 1463 lucem
1386 1425 1527 1464 Evan-

131 1489 253 1545 gelii;
292 1500 333 1531 et
363 1490 552 1546 quamvis
582 1490 634 1530 ad
667 1490 818 1531 coelum
850 1505 982 1545 usque
1017 1498 1218 1531 extructae
1247 1499 1373 1546 atque
1404 1506 1527 1547 exag-

132 1567 286 1613 geratae
325 1558 430 1606 sint3
479 1568 616 1599 tamen
651 1557 732 1599 levi
774 1567 997 1606 momento,
1032 1566 1073 1598 et
1103 1557 1411 1613 quodammodo
1453 1575 1528 1601 sua

134 1634 279 1681 sponte
309 1636 520 1668 corruunt.
583 1628 680 1668 Non
717 1626 826 1667 enim
862 1634 1011 1682 putare
1042 1626 1167 1667 debes
1197 1626 1275 1667 ista
1304 1626 1442 1668 omnia
1472 1636 1529 1668 te-

134 1708 258 1743 mere,
288 1702 361 1735 aut
390 1709 486 1734 casu
516 1694 720 1735 accidisse.
782 1693 864 1734 Dei
891 1693 980 1734 haec
1009 1693 1201 1735 voluntas
1231 1694 1326 1745 fuit,
1349 1703 1395 1735 ut
1427 1694 1529 1735 invi-

133 1760 185 1802 tis
215 1777 345 1817 prope
365 1761 572 1813 omnibus,
595 1761 874 1818 Evangelium
895 1763 924 1802 J
928 1777 1000 1802 esu
1023 1762 1178 1803 Christi
1208 1762 1249 1803 in
1279 1763 1421 1804 orbem
1449 1771 1528 1804 ter-

133 1845 273 1870 rarum
311 1829 374 1871 his
406 1830 663 1886 temporibus
696 1839 971 1887 spargeretur.
1036 1831 1202 1886 Itaque,
1236 1830 1385 1871 divinis
1420 1830 1529 1871 voci-

135 1898 214 1938 bus
238 1898 438 1939 admoniti
464 1899 665 1950 homines,
688 1915 772 1940 sese
793 1898 904 1939 ultro
924 1898 977 1939 ad
1000 1898 1156 1939 Christi
1186 1898 1416 1940 doctrinam
1435 1914 1530 1940 con-

136 1966 332 2008 tulerunt.
394 1968 483 2008 Nos
502 1967 671 2023 quidem
693 1983 774 2008 non
806 1966 980 2023 gloriam
1011 1982 1062 2006 ex
1093 1982 1141 2006 ea
1170 1981 1214 2007 re
1244 1967 1527 2022 quaesivimus,

136 2050 219 2075 non
246 2051 359 2091 opes,
381 2051 465 2089 non
494 2036 743 2092 voluptates,
767 2050 849 2076 non
880 2034 1024 2075 otium.
1086 2036 1194 2075 Haec
1224 2034 1332 2075 enim
1362 2034 1429 2075 isti
1459 2034 1530 2075 ha-

135 2103 236 2143 bent
265 2103 431 2144 abunde
461 2104 613 2155 omnia,
645 2113 687 2145 et
727 2119 801 2144 nos
832 2118 893 2153 ea,
931 2117 1026 2143 cum
1061 2102 1175 2158 apud
1209 2101 1299 2142 illos
1333 2116 1527 2150 essemuS,

138 2170 270 2211 multo
309 2171 464 2227 largius
494 2182 534 2213 et
563 2172 765 2228 prolixius
806 2171 1072 2212 habebamus.
1136 2171 1284 2225 Neque
1320 2184 1394 2209 nos
1434 2183 1530 2209 con-

137 2238 363 2280 sensionem
399 2250 440 2280 et
478 2256 622 2296 pacem
654 2240 865 2296 fugimus3
914 2239 984 2279 sed
1026 2238 1137 2292 pacis
1167 2238 1361 2278 humanae
1391 2252 1527 2288 causa,

137 2322 229 2347 cum
265 2308 358 2348 Deo
387 2308 620 2364 belligerari
650 2308 854 2349 nolumus.
917 2306 1053 2347 Dulce
1077 2305 1261 2362 quidem,
1283 2304 1419 2360 inquit
1450 2304 1530 2345 Hi-

137 2373 276 2425 larius,
309 2383 369 2416 est
399 2390 548 2416 nomen
579 2375 716 2432 pacis;
751 2375 821 2416 sed
854 2374 967 2415 aliud
995 2383 1069 2424 est,
1102 2372 1251 2428 inquit,
1285 2387 1383 2427 pax,
1416 2371 1531 2413 aliud

139 2441 323 2483 servitus.
385 2445 495 2484 Nam
527 2452 588 2494 ut,
616 2444 730 2499 quod
760 2443 824 2484 isti
848 2450 1057 2498 quaerunt,
1081 2439 1274 2482 Christus
1304 2449 1437 2480 tacere
1461 2440 1531 2495 ju-

137 2510 309 2558 beatum
344 2519 392 2551 ut
423 2512 626 2567 prodatur
660 2511 809 2552 veritas
844 2509 1087 2566 Evangelii3
1122 2517 1169 2549 ut
1201 2523 1356 2548 errores
1386 2508 1530 2549 nefarii

138 2577 474 2627 dissimulentur3
522 2589 570 2620 ut
606 2579 936 2621 Christianorum
979 2576 1193 2618 hominum
1233 2575 1361 2617 oculis
1400 2576 1529 2632 impo-

137 2655 287 2694 natur;
320 2657 368 2687 ut
389 2646 430 2686 in
452 2648 593 2687 Deum
614 2656 755 2703 aperte
775 2645 1045 2701 conspiretur,
1068 2659 1150 2685 non
1179 2659 1227 2684 ea
1256 2660 1339 2699 pax
1360 2653 1434 2694 est,
1457 2644 1528 2684 sed

139 2713 395 2769 iniquissima
424 2714 560 2771 pactio
587 2715 805 2756 servitutis.
867 2716 946 2755 Est
966 2713 1173 2770 quaedam,
1196 2712 1332 2768 inquit
1352 2712 1528 2753 Nazian-

143 2797 282 2832 zenus,
314 2798 396 2838 pax
432 2783 610 2831 inutilis3
655 2794 714 2825 est
750 2782 961 2838 quoddam
1000 2781 1100 2822 utile
1130 2780 1355 2822 dissidium.
1419 2781 1526 2819 Nam

831 2866 854 2889 o
873 2853 898 2888 ⁰2
