1799 3077
231 130 315 174 266
559 127 793 170 NOELLI
827 123 1289 167 CATECHISMUS.

227 245 404 301 migrare
423 257 520 284 eum
540 257 646 298 opus
666 249 784 290 esset,
807 247 855 280 ut
876 246 1065 293 suscepta
1085 237 1250 293 negotia
1270 237 1522 293 transigeret.
1570 237 1613 277 Si

228 311 335 353 enim
351 311 495 352 eodem
514 316 723 350 momento
744 305 939 362 temporis
960 305 1115 360 ubique
1135 304 1327 346 omnibus
1347 319 1526 361 praesens
1545 304 1616 345 ad-

227 390 345 429 esset,
357 379 445 435 jam
465 392 547 418 non
568 377 706 425 homo,
725 375 794 415 sed
815 382 1021 430 spectrum
1042 372 1180 429 potius
1200 389 1299 424 esse,
1317 388 1452 429 neque
1467 387 1616 428 corpus

227 448 419 490 habuisse
440 460 599 495 verum,
623 443 694 485 sed
715 440 1003 498 imaginarium
1024 440 1258 488 videram-3
1291 449 1364 482 aut
1380 450 1488 482 certe
1503 439 1617 496 quod

227 516 444 574 Eutyches
475 512 648 562 censuit,
679 526 829 566 corpus
859 510 948 565 ejus
978 508 1124 549 abiisse
1154 508 1196 549 in
1226 509 1512 560 Divinitatem,
1545 517 1619 550 aut

228 585 385 641 ubique
420 598 506 624 esse
537 588 769 638 putaretur.
829 577 958 618 Unde
988 575 1099 617 mille
1129 576 1325 618 continuo
1354 587 1618 618 nascerentur

228 653 440 710 opiniones
456 650 584 700 falsae,
602 663 705 704 quas
720 661 875 696 omnes,
892 660 1062 701 corpore
1076 644 1237 700 integro
1252 645 1293 685 in
1311 645 1461 686 coelum
1482 646 1618 703 sublae

229 731 287 772 to,
306 719 480 776 depulit,
498 717 739 772 animosque
757 714 974 755 hominum
993 713 1183 755 maximis
1198 714 1405 755 erroribus
1418 713 1619 755 liberavit.

230 789 446 831 Mundum
463 785 641 835 interim,
657 783 816 825 tametsi
832 782 949 824 nobis
965 797 1046 823 non
1063 782 1323 838 conspicuus,
1338 798 1499 824 summa
1513 782 1621 824 Pvir-

231 867 333 907 tute,
356 865 396 897 et
417 854 616 912 sapientia
635 851 930 893 admirabiliter
949 851 1056 907 regit
1076 860 1201 907 atque
1221 851 1491 893 administrat.
1527 853 1619 892 Ho-

230 925 389 966 minum
410 932 485 973 est,
501 923 685 963 humana
705 919 885 976 quadam
906 918 1063 959 ratione
1083 918 1335 974 respublicas
1357 934 1449 960 suas
1469 919 1621 975 guber-

232 1007 328 1033 nare
350 1002 391 1033 et
411 989 639 1037 moderari3
675 988 830 1030 Christi
851 996 1003 1036 autem,
1025 985 1069 1026 id
1089 995 1164 1036 est,
1188 986 1284 1026 Filii
1305 986 1400 1036 Dei,
1422 986 1575 1027 divina.

290 1062 354 1102 M.
387 1058 580 1115 Attigisti
610 1057 821 1115 praecipua
840 1055 1047 1112 quaedam,
1069 1070 1120 1096 ex
1150 1055 1319 1096 infinitis
1343 1064 1384 1096 et
1413 1055 1623 1096 immensis

231 1128 453 1178 beneficiis,
475 1142 655 1183 quorum
675 1126 860 1166 fructum
885 1139 936 1164 ex
959 1122 1111 1164 Christi
1142 1131 1287 1173 morte,
1308 1122 1619 1173 resurrectione,

233 1207 274 1239 et
295 1196 540 1247 ascensione,
562 1194 836 1252 percipimus3
871 1207 965 1233 nam
996 1191 1186 1233 universa
1214 1207 1266 1233 ne
1296 1202 1432 1234 mente
1452 1191 1622 1248 quidem

233 1275 359 1322 atque
389 1265 526 1306 animo
554 1264 739 1304 humano
768 1260 940 1317 concipi,
961 1260 1115 1301 nedum
1136 1260 1271 1302 verbis
1294 1271 1420 1317 atque
1447 1259 1623 1301 dicendo

234 1333 429 1390 explicari
450 1332 535 1373 ullo
555 1331 679 1372 modo
700 1338 872 1386 queunt.
933 1330 1149 1369 Hactenus
1176 1337 1312 1369 tamen
1344 1328 1551 1369 scientiam
1579 1328 1623 1368 in

232 1402 310 1442 hac
330 1417 373 1442 re
395 1411 509 1442 tuam
529 1399 731 1456 experiar,
753 1406 801 1438 ut
831 1396 932 1437 mihi
962 1396 1095 1452 prima
1123 1411 1262 1437 rerum
1283 1396 1430 1452 capita,
1453 1396 1506 1437 ad
1527 1398 1633 1453 quae'

234 1468 393 1525 reliqua
413 1467 551 1509 omnia
569 1467 822 1516 referuntur,
844 1464 1023 1506 breviter
1044 1473 1085 1505 et
1106 1463 1340 1504 summatim
1361 1464 1577 1505 describas.

292 1539 341 1578 A.
376 1537 483 1577 Dico
512 1535 655 1592 igitur,
687 1548 783 1575 cum
813 1549 864 1574 ex
894 1532 972 1584 his,
996 1541 1085 1573 tum
1116 1531 1238 1573 etiam
1269 1547 1319 1572 ex
1350 1531 1438 1572 aliis
1469 1531 1624 1573 Christi

234 1606 465 1648 actionibus
495 1603 702 1660 duplicem
732 1617 807 1643 nos
840 1601 1060 1643 utilitatem
1094 1616 1249 1657 capere.
1322 1602 1477 1651 Unam,
1509 1600 1625 1656 quod

236 1689 498 1730 quaecunque
527 1672 639 1722 fecit,
666 1687 715 1712 ea
743 1669 881 1711 onmia
909 1679 1050 1710 nostro
1079 1668 1295 1710 commodo
1323 1668 1488 1716 fecerit;
1521 1669 1626 1709 adeo

237 1741 422 1798 quidem,
446 1749 494 1781 ut
513 1739 683 1796 perinde
704 1747 724 1777 q
737 1746 876 1779 nostra
896 1737 990 1787 sint,
1008 1736 1132 1777 modo
1146 1736 1299 1777 eisdem
1314 1736 1433 1777 firma
1448 1736 1625 1792 vivaque

238 1810 344 1851 Fide
364 1809 661 1858 inhaeserimus,
678 1823 725 1848 ac
746 1807 778 1848 si
799 1822 873 1847 nos
892 1821 940 1846 ea
958 1805 1192 1846 fecissemus
1212 1804 1300 1861 ipsi.
1342 1806 1439 1861 Ipse
1455 1804 1624 1860 quidem

237 1878 348 1920 cruci
377 1877 549 1919 suffixus
575 1890 649 1926 est,
672 1884 712 1916 et
732 1891 806 1915 nos
826 1889 920 1915 cum
941 1873 1030 1929 ipso
1050 1873 1092 1913 in
1112 1888 1274 1914 crucem
1295 1872 1445 1914 sublati
1467 1887 1624 1922 sumus,

238 1956 279 1988 et
309 1955 448 1987 nostra
476 1945 519 1986 in
549 1960 598 1985 eo
627 1952 795 2000 peccata
827 1950 923 1983 sunt
954 1941 1110 1998 punita.
1173 1942 1270 1996 Ipse
1296 1949 1485 1981 mortuus
1505 1949 1565 1980 est
1585 1949 1626 1980 et

240 2014 440 2071 sepultus,
462 2028 537 2054 nos
563 2011 706 2053 itidem
730 2027 811 2052 una
831 2025 925 2051 cum
947 2009 1123 2066 peccatis
1143 2009 1291 2050 nostris
1311 2009 1463 2050 mortui
1485 2024 1628 2050 sumus

239 2092 280 2123 et
311 2081 485 2138 sepulti;
519 2080 646 2136 idque
675 2079 746 2130 ita,
769 2088 818 2120 ut
837 2078 969 2120 omnis
997 2087 1259 2134 peccatorum
1289 2088 1522 2119 nostrorum
1545 2092 1628 2117 me-

239 2150 383 2200 moria,
406 2148 654 2205 sempiterna
673 2147 877 2188 oblivione
898 2146 1061 2203 penitus
1082 2145 1279 2186 deleatur.
1340 2147 1433 2202 Ipse
1453 2161 1477 2186 a
1497 2152 1629 2186 morte

240 2219 442 2260 excitatus
460 2227 534 2267 est,
552 2226 593 2258 et
612 2232 687 2257 nos
707 2231 802 2257 cum
824 2231 871 2256 eo
892 2214 1129 2264 reviximus,
1146 2213 1452 2255 resurrectionis
1472 2222 1513 2254 et
1532 2212 1628 2253 vitae

242 2286 331 2342 ejus
353 2286 407 2327 sic
429 2285 526 2327 facti
546 2285 780 2342 participes,
799 2294 845 2324 ut
867 2283 984 2324 nobis
1005 2283 1196 2339 deinceps
1217 2298 1326 2324 mors
1346 2297 1428 2323 non
1448 2281 1631 2322 domine-

243 2364 335 2402 tur3
370 2363 431 2395 est
451 2354 559 2394 enim
581 2353 691 2394 idem
713 2353 755 2393 in
776 2352 891 2393 nobis
912 2360 926 2379 r
942 2351 1133 2407 Spiritus,
1151 2351 1223 2407 qui
1244 2353 1273 2391 J
1277 2366 1391 2391 esum
1413 2366 1437 2390 a
1458 2348 1631 2390 mortuis

243 2423 448 2464 excitavit.
511 2424 739 2471 Postremo,
778 2429 1055 2476 praeterquam
1091 2420 1205 2475 quod
1246 2419 1298 2460 ab
1332 2433 1501 2459 ascensu
1540 2418 1630 2474 ejus

246 2491 423 2545 Spiritus
446 2490 583 2532 Sancti
604 2499 617 2519 s
631 2490 740 2531 dona
769 2487 1089 2529 cumulatissime
1120 2488 1237 2528 nobis
1267 2494 1534 2536 accesserunt,
1557 2500 1631 2525 nos

245 2573 382 2598 secum
404 2558 526 2599 etiam
546 2558 587 2598 in
609 2557 761 2598 coelum
788 2556 1033 2607 sublevatos,
1057 2555 1321 2611 sublatosque
1342 2554 1451 2606 tulit,
1474 2562 1521 2595 ut
1541 2554 1630 2609 ejus

290 2670 305 2690 P
330 2663 410 2693 Mat.
429 2664 539 2693 xxviii.
560 2663 608 2693 18.
633 2664 712 2693 Phil.
728 2663 761 2693 ii.
777 2673 810 2703 9,
831 2673 879 2693 10.
904 2664 1003 2702 Apoc.
1020 2663 1064 2693 xi.
1082 2670 1130 2702 15.
1271 2668 1286 2687 (ι
1310 2661 1395 2692 Esai.
1411 2661 1453 2691 ix.
1467 2658 1497 2690 6.
1525 2669 1536 2688 1
1554 2659 1629 2689 Cor.

249 2727 302 2748 xv.
318 2715 372 2754 48,
388 2725 440 2757 49.
464 2717 558 2748 Rom.
576 2717 618 2746 vi.
636 2715 667 2754 6,
689 2725 718 2756 7,
739 2718 797 2748 &c.
820 2717 888 2747 viii.
902 2726 955 2756 32.
979 2716 1047 2746 xiii.
1068 2725 1116 2752 ¹4-
1141 2715 1212 2745 Gal.
1230 2715 1262 2745 ii.
1278 2724 1328 2745 20.
1351 2714 1398 2744 iii.
1414 2720 1461 2753 27.
1487 2712 1570 2742 Heb.
1585 2711 1630 2742 iii.

254 2780 300 2809 14.
324 2781 356 2801 x.
375 2777 420 2811 17.
552 2777 562 2790 ‘
587 2770 679 2800 Rom.
696 2771 761 2801 viii.
784 2781 829 2800 ιι.
962 2777 971 2789 ⁵
998 2769 1112 2809 Eplics.
1129 2769 1169 2798 iv.
1188 2768 1218 2798 8.
