1799 3077
629 139 930 180 RIDLEII.
1421 148 1474 189 49

544 323 790 350 RESPONSIO
824 324 1015 351 RIDLEII-

141 393 193 432 In
214 393 338 434 rebus
360 393 440 434 Dei
468 407 550 435 non
580 404 639 435 est
670 395 853 436 humano
883 402 956 436 aut
988 395 1125 436 saeculi
1156 410 1273 435 sensu
1306 396 1472 451 loquen-

81 459 194 500 dum.
263 460 404 501 Prima
438 461 566 517 igitur
601 462 828 518 propositio
860 462 924 503 vel
959 462 1166 503 conclusio
1201 462 1377 504 formata
1411 475 1471 506 est,

78 527 228 583 phrase
247 543 273 569 a
301 543 414 569 sacra
443 529 658 586 Scriptura
685 530 830 581 aliena,
853 539 894 570 et
924 530 1064 571 multis
1094 529 1299 586 ambiguis
1328 531 1472 572 obscu-

77 595 269 637 ritatibus
298 596 486 639 involuta
516 608 557 639 et
587 597 805 654 implicata.
870 599 921 639 In
951 612 1071 639 sensu
1096 607 1235 639 autem
1254 613 1378 653 quem
1400 599 1472 640 do-

77 672 170 703 cent
192 663 419 705 scholastici
441 678 480 706 et
502 665 625 706 hodie
646 665 919 707 Romanensis
939 665 1126 706 defendit
1149 664 1347 715 Ecclesia,
1369 665 1471 707 falsa

77 741 138 772 est
159 740 199 772 et
219 747 401 782 erronea,
424 742 550 789 atque
571 734 783 784 doctrinae,
807 750 901 789 quae
923 734 1149 774 secundum
1171 733 1365 788 pietatem
1395 744 1468 784 est,

77 799 198 854 plane
218 801 432 841 contraria.

632 932 920 958 EXI'LICATIO.

134 1007 362 1048 Diversitas
383 1017 424 1048 et
444 1007 603 1048 novitas
623 1008 835 1063 phrasews,
858 1017 899 1048 et
920 1022 1045 1064 quam
1071 1008 1121 1048 sit
1142 1024 1166 1048 a
1194 1024 1305 1049 sacra
1334 1008 1467 1065 Scrip-

77 1085 170 1122 tura
190 1075 335 1126 aliena,
358 1076 398 1117 in
421 1085 508 1118 tota
528 1076 605 1117 hac
628 1076 762 1132 prima
790 1076 1067 1133 propositione
1094 1076 1136 1116 in
1165 1076 1335 1132 singulis
1362 1092 1467 1133 pene

76 1144 264 1198 partibus
284 1144 342 1186 ita
362 1154 476 1201 patet
503 1144 549 1185 et'
572 1144 739 1185 evidens
766 1154 841 1195 est,
865 1144 926 1185 vel
956 1144 1214 1185 mediocriter
1237 1154 1394 1185 versato
1424 1145 1466 1186 in

77 1211 199 1252 sacris
233 1211 374 1262 literis,
414 1222 460 1253 ut
495 1212 595 1253 nihil
632 1227 792 1253 necesse
828 1211 893 1262 sit,
925 1213 1011 1268 jam
1049 1211 1275 1268 praesertim
1311 1212 1351 1252 in
1389 1212 1466 1254 hoc

75 1289 185 1320 coetu
210 1280 443 1322 doctorum
480 1280 663 1321 virorum
703 1280 744 1320 in
786 1296 833 1321 ea
867 1295 910 1321 re
950 1279 1270 1321 demonstranda
1308 1279 1466 1336 aliquid

78 1348 272 1404 temporis
295 1348 390 1402 (nisi
412 1347 453 1389 id
476 1364 499 1389 a
520 1363 585 1389 me
605 1357 748 1405 postea
768 1348 895 1390 fuerit
913 1347 1189 1405 postulatum)
1211 1347 1421 1389 collocare.

132 1415 402 1472 Ambiguitas
427 1425 488 1458 est
517 1417 639 1458 etiam
669 1417 710 1457 in
743 1417 877 1458 verbis
907 1417 1076 1471 (virtute
1104 1416 1220 1457 verbi
1251 1416 1461 1470 Domini);

73 1484 316 1540 ambiguum
338 1493 399 1526 est
420 1485 525 1526 enim
555 1484 766 1541 quodnam
797 1494 857 1526 est
887 1485 998 1526 istud
1020 1485 1203 1525 Verbum
1232 1483 1459 1531 Divinum;

74 1551 228 1593 illudne
247 1552 363 1608 quod
383 1552 535 1609 legitur
562 1553 603 1593 in
633 1552 923 1608 Evangelistis,
945 1562 1017 1593 aut
1047 1552 1088 1593 in
1121 1551 1267 1601 Paulo,
1290 1561 1363 1592 aut
1392 1551 1464 1592 ali-

75 1620 176 1674 quid
211 1620 351 1662 aliud?
385 1622 426 1662 Si
460 1620 573 1677 quod
607 1622 647 1661 in
682 1621 934 1677 Evangeliis,
967 1630 1039 1661 aut
1073 1619 1219 1669 Paulo,
1251 1619 1461 1675 quodnam

76 1686 176 1728 illud
199 1688 271 1730 sit:
307 1689 337 1729 si
360 1704 441 1730 non
469 1699 529 1730 est
557 1705 607 1729 cx
639 1688 730 1738 illis,
753 1689 963 1744 quomodo
993 1688 1181 1743 cognosci
1212 1696 1347 1742 potest
1377 1702 1462 1728 esse

77 1757 247 1798 verbum
270 1758 487 1807 Divinum,
511 1767 551 1798 et
574 1766 697 1798 tantae
719 1757 897 1807 virtum,
921 1766 965 1797 ut
989 1757 1093 1797 hanc
1114 1765 1268 1797 tantam
1292 1770 1375 1796 rem
1405 1756 1463 1796 ef-

76 1825 195 1866 ficere
211 1826 345 1867 valeat
360 1828 376 1866 ?

134 1894 257 1944 Item,
286 1894 511 1950 ambigitur
542 1894 593 1935 de
625 1894 750 1935 verbo
785 1896 828 1946 (a
859 1894 1108 1947 sacerdote);
1152 1909 1202 1934 an
1234 1892 1373 1933 nullus
1403 1892 1463 1932 di-

74 1962 228 2003 cendus
249 1962 299 2004 sit
321 1963 522 2013 sacerdos,
545 1963 620 2003 nisi
643 1963 715 2019 qui
736 1963 861 2003 habet
888 1963 1180 2003 authoritatem
1210 1960 1460 2001 sacrificandi

73 2030 298 2086 expiatorie
319 2046 395 2087 pro
416 2031 518 2071 vivis
539 2040 580 2072 et
599 2030 786 2082 mortuis,
806 2040 848 2071 et
869 2030 980 2071 unde
1004 2040 1118 2086 patet
1146 2030 1250 2070 hanc
1280 2028 1461 2069 authori-

74 2108 197 2139 tatem
226 2114 311 2140 esse
339 2114 363 2139 a
395 2100 486 2140 Deo
516 2099 770 2140 commissam
803 2097 875 2138 ulli
907 2097 1156 2146 mortalium,
1184 2106 1458 2152 praeterquam

75 2167 146 2207 uni
169 2167 363 2209 Christo?

130 2235 361 2277 Dubitatur
381 2237 517 2287 etiam,
541 2236 766 2277 secundum
789 2251 910 2291 quem
934 2233 1118 2275 ordinem
1140 2234 1307 2274 futurus
1328 2232 1377 2272 sit
1399 2247 1459 2271 sa-

71 2304 255 2345 crificans
286 2305 487 2355 sacerdos,
517 2304 798 2346 secundumne
828 2302 1013 2343 ordinem
1046 2304 1203 2349 Aaron,
1236 2315 1287 2340 an
1318 2314 1459 2339 secun-

73 2372 173 2412 dum
195 2373 379 2413 ordinem
404 2372 706 2414 Melchisedec?
739 2372 847 2412 Nam
870 2370 1009 2426 plures
1030 2369 1192 2410 ordines
1213 2382 1292 2409 non
1311 2366 1458 2422 probat

75 2440 206 2495 (quod
230 2440 373 2495 sciam)
397 2456 510 2482 sacra
532 2440 760 2496 Scriptura.

129 2508 336 2548 Praeterea
363 2507 404 2547 in
426 2508 552 2548 verbo
575 2506 794 2560 (realiter),
817 2506 1059 2561 ambiguum
1091 2512 1164 2552 est,
1187 2518 1238 2544 an
1270 2510 1456 2542 sumatur

72 2575 417 2625 transcendenter,
450 2584 490 2616 et
526 2575 581 2615 sic
613 2584 747 2630 potest
777 2574 1003 2630 significare
1034 2586 1325 2627 quamcunque
1355 2585 1456 2620 rem,

70 2658 165 2699 quae
205 2644 257 2685 ad
298 2658 448 2700 corpus
488 2642 642 2684 Christi
678 2642 825 2698 quovis
860 2642 984 2681 modo
1024 2649 1204 2696 spectat;
1247 2637 1456 2694 quomodo

69 2712 189 2752 ctiam
213 2712 474 2753 concedimus
495 2726 644 2766 corpus
666 2710 821 2751 Christi
842 2709 1004 2751 realiter
1025 2723 1110 2749 csse
1136 2708 1178 2748 in
1207 2714 1456 2748 sacramento

72 2781 213 2820 Coenae
236 2781 489 2826 Dominicae;
524 2779 627 2819 sicut
643 2779 748 2818 inter
765 2777 1078 2833 disputandum,
1098 2776 1126 2815 si
1147 2775 1268 2816 detur
1286 2773 1453 2821 occasio,

129 2863 223 2888 vor„
250 2864 278 2890 1.
775 2862 798 2885 r,
