1799 3077
294 158 376 202 194
685 157 916 199 JUELLI
949 158 1284 200 APOLOGIA.

290 270 401 311 ferri.
460 270 587 311 Irrita
605 270 714 312 enim
736 279 796 312 est
817 270 999 322 donatio,
1021 270 1098 312 nisi
1119 271 1329 314 donatoris
1349 272 1562 315 voluntate
1579 289 1687 315 com-

293 339 508 395 probetur,
532 338 722 379 voluntas
743 347 881 380 autem
904 339 1034 380 videri
1055 355 1136 381 non
1165 350 1315 398 potest,
1337 356 1464 397 quam
1485 357 1598 383 error
1617 342 1689 384 ob-

290 407 426 448 fuscat
449 416 576 462 atque
596 405 782 462 impedit.

349 474 509 525 Habes,
553 473 787 515 Christiane
829 474 996 524 Lector,
1038 489 1119 515 non
1159 491 1245 517 esse
1283 491 1455 527 novum,
1490 475 1522 516 si
1562 475 1686 517 hodie

291 543 542 600 postliminio
585 543 790 593 restituta,
832 551 874 584 et
923 543 1040 599 quasi
1085 559 1298 585 renascens
1348 544 1515 601 Religio
1566 544 1687 586 Chri-

292 613 424 653 stiana
462 611 733 661 contumeliis,
771 619 812 651 et
860 611 1047 652 convitiis
1094 611 1345 668 accipiatur;
1398 612 1441 653 id
1492 613 1601 653 enim
1645 622 1687 654 et

294 681 462 723 Christo
492 680 584 737 ipsi,
608 689 649 721 et
678 679 893 736 Apostolis
912 679 1115 721 accidisse.
1179 681 1342 721 Tamen
1373 695 1424 721 ne
1455 688 1502 721 tu
1533 689 1573 722 te
1599 681 1687 723 istis

292 749 622 790 adversariorum
665 757 899 789 nostrorum
935 748 1182 790 clamoribus
1223 749 1390 801 abduci,
1422 757 1463 790 et
1503 749 1577 790 tibi
1612 748 1687 790 im-

293 817 391 874 poni
429 816 612 873 patiaris,
649 816 918 872 exposuimus
954 817 1029 858 tibi
1068 817 1302 858 universam
1343 817 1543 858 rationem
1574 816 1689 859 Reli-

292 886 427 943 gionis
456 897 622 936 nostrae,
653 884 756 940 quid
790 885 842 925 de
870 886 964 926 Deo
995 887 1135 937 Patre,
1166 885 1269 941 quid
1290 885 1342 926 de
1367 885 1456 941 ejus
1478 885 1598 926 unico
1620 885 1690 926 Fi-

293 954 348 995 lio
368 955 398 994 J
402 969 474 995 esu
498 953 679 1004 Christo,
702 952 805 1009 quid
837 954 886 994 de
919 952 1077 1009 Spiritu
1109 962 1263 1003 sancto,
1285 952 1388 1008 quid
1409 953 1461 993 de
1489 952 1688 1003 Ecclesia,

293 1022 398 1078 quid
437 1022 489 1062 de
531 1021 819 1072 Sacramentis,
852 1021 955 1076 quid
985 1020 1036 1061 de
1068 1020 1317 1071 Ministerio,
1351 1020 1455 1076 quid
1484 1020 1536 1061 de
1566 1020 1688 1061 sacris

296 1090 533 1147 Scripturis,
555 1089 658 1146 quid
679 1089 730 1130 de
754 1089 1033 1139 Caeremoniis,
1056 1089 1159 1145 quid
1180 1088 1231 1130 de
1252 1088 1364 1130 omni
1384 1097 1501 1145 parte
1521 1104 1690 1145 persua-

294 1159 417 1200 sionis
439 1158 686 1200 Christianae
717 1157 950 1199 sentiamus.
1014 1157 1210 1198 Diximus
1233 1172 1307 1197 nos
1327 1172 1469 1198 omnes
1498 1157 1689 1213 antiquas

294 1227 484 1277 haereses,
506 1242 610 1283 quas
641 1235 715 1267 aut
746 1234 1010 1266 sacrosanctae
1044 1225 1283 1281 Scripturae,
1309 1234 1381 1266 aut
1412 1234 1551 1266 vetera
1581 1227 1691 1267 Con-

294 1295 387 1336 cilia
416 1294 759 1344 condemnarunt,
792 1303 840 1334 ut
872 1303 1021 1350 pesteS,
1054 1303 1095 1334 et
1124 1293 1322 1349 pernicies
1356 1293 1588 1334 animorum
1621 1294 1691 1335 de-

296 1364 448 1406 testari.
510 1365 598 1404 Nos
632 1362 891 1419 disciplinam
926 1361 1269 1412 Ecclesiasticam,
1302 1377 1426 1417 quam
1469 1362 1690 1403 adversarii

296 1432 425 1473 nostri
456 1447 626 1488 prorsus
656 1440 920 1480 enervarunt,
943 1439 1147 1487 quantum
1167 1430 1345 1471 maxime
1374 1446 1608 1486 possumus,
1630 1446 1691 1471 re-

295 1516 465 1548 vocare;
499 1511 540 1541 et
571 1515 734 1540 omnem
756 1499 853 1540 vitae
882 1498 1086 1539 licentiam
1108 1508 1148 1539 et
1169 1498 1477 1539 dissolutionem
1509 1513 1688 1549 morum,

294 1568 438 1625 priscis
462 1577 504 1609 et
533 1567 653 1608 avitis
682 1566 858 1623 legibus,
888 1575 929 1607 et
959 1582 1007 1607 ea
1036 1582 1121 1622 qua
1149 1581 1225 1623 par
1254 1575 1328 1617 est,
1352 1582 1518 1622 quaque
1547 1582 1691 1622 possu-

296 1652 389 1677 mus
419 1636 635 1677 severitate
668 1635 889 1676 vindicare.
951 1636 1039 1675 Nos
1069 1650 1292 1691 regnorum
1324 1643 1491 1684 statum,
1523 1650 1571 1675 eo
1605 1650 1690 1690 quo

295 1704 543 1760 accepimus,
574 1703 677 1753 loco,
710 1702 795 1743 sine
825 1702 1111 1743 imminutione
1142 1702 1240 1753 ulla,
1271 1712 1345 1743 aut
1374 1702 1601 1744 mutatione
1628 1718 1691 1744 re-

297 1772 441 1822 tinere,
463 1781 504 1813 et
524 1770 781 1828 principibus
801 1769 950 1811 nostris
976 1770 1256 1826 Majestatem,
1279 1780 1482 1826 quantum
1513 1770 1691 1812 maxime

296 1855 531 1897 possumiffi,
562 1839 811 1879 incolumem
848 1853 1100 1878 conservare.
1162 1839 1251 1879 Nos
1289 1838 1342 1878 ab
1380 1838 1450 1879 illa
1489 1838 1689 1888 Ecclesia,

297 1924 424 1965 quam
455 1907 521 1949 isti
552 1906 788 1964 speluncam
817 1906 1025 1947 latronum
1046 1906 1240 1956 fecerant,
1264 1906 1365 1946 etin
1388 1922 1471 1962 qua
1500 1906 1600 1946 nihil
1632 1907 1693 1947 in-

298 1988 478 2033 tegrum,
501 1985 574 2017 aut
595 1975 793 2017 Ecclesiae
823 1973 952 2015 simile
976 1973 1241 2029 reliquerant,
1264 1989 1474 2030 quamque
1493 1974 1570 2030 ipsi
1590 1974 1692 2015 fate-

296 2046 451 2087 bantur
480 2044 622 2086 multis
651 2043 693 2084 in
724 2043 848 2084 rebus
883 2042 1093 2092 erravisse,
1123 2051 1171 2082 ut
1207 2042 1395 2082 Lothum
1427 2042 1524 2083 olim
1560 2058 1582 2083 e
1620 2044 1692 2084 So-

297 2115 435 2165 doma,
456 2123 530 2154 aut
552 2112 844 2154 Abrahamum
866 2127 888 2152 e
910 2110 1123 2160 Chaldaea,
1142 2125 1225 2150 non
1245 2109 1516 2151 contentionis
1537 2110 1689 2161 studio,

298 2183 369 2223 sed
391 2182 472 2223 Dei
493 2181 622 2237 ipsius
642 2179 859 2221 admonitu
880 2178 1122 2228 discessisse,
1144 2186 1184 2218 et
1214 2193 1265 2218 ex
1294 2177 1416 2219 sacris
1435 2177 1563 2229 libris,
1586 2194 1691 2234 quos

299 2251 448 2291 scimus
481 2265 563 2291 non
596 2265 714 2305 posse
748 2247 903 2298 fallere,
926 2256 1078 2287 certam
1108 2246 1318 2302 quandam
1351 2246 1580 2302 Religionis
1609 2247 1692 2287 for-

299 2334 408 2359 mam
440 2318 690 2374 quaesivisse,
725 2325 766 2357 et
794 2316 849 2356 ad
879 2324 1065 2356 veterum
1098 2316 1289 2364 Patrum,
1312 2323 1437 2370 atque
1469 2315 1694 2371 Apostolo-

298 2402 392 2427 rum
431 2386 682 2443 primitivam
719 2383 962 2433 Ecclesiam,
994 2383 1072 2423 hoc
1106 2392 1181 2432 est,
1213 2383 1266 2423 ad
1303 2381 1528 2438 primordia
1566 2391 1692 2437 atque

300 2454 430 2505 initia,
453 2465 651 2510 tanquam
672 2453 724 2493 ad
747 2452 882 2493 fontes
914 2450 1092 2491 rediisse.
1154 2450 1460 2492 Auctoritatem
1481 2459 1620 2491 autem
1649 2450 1692 2490 in

301 2538 349 2563 ea
377 2538 434 2573 re,
456 2532 529 2563 aut
557 2535 800 2564 consensum
825 2519 998 2561 Concilii
1020 2519 1272 2569 Tridentini,
1294 2519 1334 2559 in
1357 2535 1441 2574 quo
1461 2518 1694 2559 videremus

301 2590 402 2630 nihil
422 2600 545 2640 recte,
568 2600 693 2645 atque
724 2588 866 2629 ordine
895 2587 997 2643 geri,
1022 2587 1091 2628 ubi
1115 2587 1167 2628 ab
1189 2587 1380 2628 omnibus
1406 2586 1448 2627 in
1479 2586 1601 2626 unius
1621 2600 1691 2626 no-

300 2673 395 2698 men
420 2658 658 2713 juraretur3
692 2656 765 2698 ubi
796 2656 920 2712 legati
943 2655 1185 2711 Principum
1208 2664 1441 2696 nostrorum
1461 2663 1693 2694 contemne-

302 2734 470 2772 rentur3
505 2725 576 2765 ubi
602 2740 723 2765 nemo
743 2733 977 2765 nostrorum
1001 2722 1314 2778 Theologorum
1345 2721 1584 2769 audiretur,
1619 2721 1690 2762 ubi

303 2803 440 2850 aperte
463 2791 649 2848 partibus
670 2802 795 2846 atque
818 2790 1030 2832 ambitioni
1053 2789 1303 2838 studeretur,
1325 2804 1404 2830 non
1428 2799 1663 2845 expectasse
1677 2806 1708 2845 ς’
