1799 3077
504 145 798 187 ANNALES
833 143 1114 183 PAULINI.
1418 142 1493 184 361

121 263 236 305 toriae
276 276 412 311 sacrae,
455 261 558 300 abiit
597 262 642 300 iu
680 259 809 298 alium
845 258 989 307 locum,
1025 271 1106 297 ver.
1137 257 1204 299 17.
1238 262 1275 295 et
1313 256 1501 296 Herodes
1528 267 1705 303 AEraevuig.

120 331 364 372 descendeus
384 343 404 369 e
424 328 577 369 Judaea
607 329 652 367 iu
677 328 912 368 Caesaream
939 325 996 365 ibi
1022 329 1294 365 commoratus
1325 330 1397 374 est,
1419 339 1502 367 vor.
1560 310 1672 338 XMV·

127 401 195 444 19·
1555 397 1676 425 Claudii

182 469 283 508 Post
321 466 483 506 brevem
521 464 625 504 hanc
665 462 986 519 persecutionem
1024 460 1324 517 Hierosolymis
1357 469 1504 509 ortam,
1605 448 1635 475 4·

125 533 374 577 Antiocheni
404 531 628 573 secundum
650 532 913 588 propositum
942 545 1064 571 suum
1092 530 1211 582 (Act.
1232 528 1284 569 xi.
1308 530 1395 584 29.)
1428 529 1508 569 col-

126 603 237 645 lectis
261 603 348 659 jam
369 601 500 651 factis,
523 599 752 641 subsidium
782 599 980 639 miserunt
1009 598 1063 639 ad
1093 597 1280 647 seniores,
1303 597 1376 653 qui
1407 597 1509 638 Hie-

127 670 339 729 rosolymis
359 678 591 710 manserant
612 683 695 724 per
714 682 865 708 manus
886 667 1100 707 Barnabae
1119 672 1158 707 et
1178 667 1316 716 Sauli,
1338 681 1421 706 ver.
1439 667 1508 706 80.

127 742 187 782 Et
215 739 382 796 quidem
412 746 735 794 peropportune,
751 736 839 792 jam
869 735 977 776 enim
1006 735 1134 775 fames
1164 734 1204 774 in
1236 735 1266 774 J
1270 734 1390 775 udaea
1415 734 1509 775 oriri

126 809 264 866 coepit,
286 823 435 864 magna
452 806 620 862 quidem
640 805 710 846 illa
730 815 770 846 et
790 805 997 845 diuturna.
1401 851 1403 854 ι

185 879 293 918 Nam
326 875 495 916 Herode
523 874 716 930 Agrippa
745 883 923 922 mortuo,
946 872 987 912 in
1019 873 1108 929 ejus
1136 887 1326 928 regnum,
1349 872 1390 911 in
1420 885 1513 927 pro-

129 946 300 987 vinciam
321 943 548 993 redactum,
566 942 767 984 Claudius
790 943 1103 982 Procuratorem
1123 941 1325 996 Cuspium
1348 940 1510 981 Fadum

129 1012 249 1054 misit.
312 1012 389 1053 Ille
424 1021 560 1052 autem
593 1021 634 1052 et
665 1024 869 1051 successor
899 1009 1001 1064 ejus,
1033 1008 1228 1050 Tiberius
1257 1004 1511 1054 Alexander,

131 1081 380 1139 provinciam
412 1080 752 1125 administrabant
787 1079 914 1119 ferme
945 1093 1018 1134 per
1038 1077 1380 1133 quadriennium;
1414 1093 1515 1133 quo-

132 1165 224 1190 rum
259 1159 440 1206 tempore
475 1164 666 1205 magnam
699 1148 849 1188 famem
883 1146 925 1186 in
959 1147 989 1186 J
993 1146 1113 1187 udaea
1147 1145 1340 1195 extitisse,
1378 1155 1516 1186 narrat.

76 1262 79 1266 ,
133 1218 356 1274 Josephus,
397 1218 468 1259 lib.
497 1233 564 1258 xx.
593 1233 625 1258 c.
654 1218 695 1258 3.
727 1231 810 1272 qua
848 1215 1072 1272 respexisse
1103 1215 1300 1271 Agabum
1344 1223 1517 1255 testatur

135 1286 356 1337 Eusebius,
378 1286 446 1327 lib.
465 1286 503 1326 ii.
526 1302 558 1327 c.
578 1287 643 1326 11.
1032 1281 1034 1286 ’

192 1357 301 1397 Cum
334 1355 544 1396 Barnabas
574 1364 615 1395 et
644 1353 793 1395 Saulus
819 1353 1046 1394 subsidium
1077 1352 1119 1392 in
1140 1367 1286 1393 manus
1309 1354 1515 1393 seniorum

138 1423 435 1480 Hierosolymis
471 1422 747 1471 tradidissent,
780 1421 895 1462 nullo
933 1421 1118 1477 apostolo
1156 1430 1255 1461 tunc
1293 1419 1393 1470 viso,
1425 1436 1519 1475 quae

136 1507 259 1533 causa
279 1492 372 1542 fuit,
395 1492 505 1547 quod
528 1490 757 1547 Apostolus
784 1490 870 1546 ipse
900 1490 1025 1545 hujus
1052 1489 1255 1530 adventus
1280 1503 1359 1529 non
1381 1488 1520 1529 memi-

139 1561 200 1602 nit
227 1561 268 1602 in
290 1561 479 1618 Epistola
500 1561 552 1602 ad
577 1560 759 1610 Galatas,
784 1559 1045 1600 Antiochiam
1067 1558 1291 1608 redierunt,
1313 1565 1523 1616 assumpto

139 1630 318 1679 Joauue,
339 1630 409 1685 qui
430 1629 748 1685 cognominatus
769 1633 829 1668 est
848 1628 1042 1676 Marcus,
1066 1628 1159 1668 Act.
1184 1626 1252 1666 xii.
1275 1629 1343 1667 25.
1364 1626 1435 1682 qui
1456 1641 1523 1666 eos

140 1707 304 1739 secutus
324 1713 409 1738 esse
429 1697 606 1747 videtur,
628 1697 726 1753 quia
745 1697 886 1738 aberat
908 1697 1067 1736 Petrus.

199 1767 314 1806 Dum
355 1765 410 1806 ibi
452 1765 665 1822 prophetae
705 1771 746 1806 et
784 1764 971 1805 doctores
1014 1763 1289 1805 ministrarent
1328 1762 1522 1811 Domino,

143 1834 294 1875 Saulus
314 1844 355 1875 et
376 1835 586 1875 Barnabas
613 1833 814 1891 segregati
844 1833 896 1874 ab
925 1832 1003 1873 illis
1030 1842 1126 1873 sunt
1155 1820 1201 1872 iu
1221 1846 1324 1888 opus
1344 1831 1400 1872 ad
1419 1831 1525 1887 quod

141 1905 368 1960 assumpsit
387 1918 452 1944 eos
473 1905 664 1960 Spiritus
685 1904 881 1945 Sanctus
914 1904 1009 1942 Act.
1032 1901 1114 1941 xiii.
1133 1903 1170 1941 92.

201 1973 259 2013 Et
280 1982 383 2023 tum,
404 1972 564 2028 opinor,
584 1971 733 2013 Saulus
753 1980 896 2027 raptus
917 1979 977 2011 est
997 1970 1038 2010 in
1061 1968 1227 2010 tertium
1248 1968 1412 2018 coelum,
1435 1978 1524 2025 post

143 2040 258 2096 quod
292 2049 455 2097 tempus
489 2056 596 2081 anno
630 2055 723 2081 XIV.
763 2039 921 2095 scripsit
956 2037 1174 2079 secundam
1208 2036 1260 2077 ad
1293 2036 1528 2077 Corinthios

148 2108 392 2165 Epistolam,
414 2109 484 2149 xii.
506 2112 542 2149 2.

206 2178 417 2218 Barnabas
436 2188 476 2218 et
498 2178 648 2219 Saulus
667 2177 776 2218 missi
797 2192 821 2218 a
844 2176 1001 2233 Spiritu
1024 2178 1065 2218 S.
1082 2176 1272 2216 abierunt
1289 2175 1528 2224 Seleuciam,

147 2256 189 2287 et
221 2246 518 2302 navigaverunt
538 2246 578 2286 in
601 2247 803 2302 Cyprum,
826 2246 913 2287 Act.
938 2244 1019 2285 xiii.
1044 2246 1082 2285 4.
1104 2253 1144 2285 et
1165 2253 1440 2299 pervenerunt
1462 2245 1531 2284 Sa-

150 2315 311 2357 lamina.

209 2385 317 2425 Cum
342 2384 491 2425 Saulus
511 2393 551 2425 et
573 2384 783 2425 Barnabas
803 2385 1010 2425 venisseut
1038 2383 1312 2432 Salaminam,
1330 2382 1535 2438 prcedica-
1596 2396 1694 2424 va.

149 2452 250 2491 baut
279 2452 447 2491 verbum
473 2453 555 2492 Dei
582 2453 628 2491 in
657 2454 891 2508 synagogis
912 2451 1172 2500 Judaeormn,
1195 2451 1384 2490 habentes
1404 2450 1534 2489 Joau-
1583 2483 1702 2513 Claudii

151 2533 242 2559 uem
263 2521 310 2559 iu
330 2520 576 2570 ministerio,
601 2535 685 2560 ver.
709 2522 748 2560 5.
805 2521 863 2560 Et
883 2534 975 2560 cum
988 2519 1347 2574 perambulassent
1367 2519 1536 2558 uuiver-
1633 2536 1661 2565 5·

151 2601 240 2626 sam
267 2588 450 2628 insulam
484 2587 772 2644 (praedicantes
802 2587 886 2628 sine
916 2587 1045 2627 dubio
1074 2586 1115 2626 in
1146 2585 1365 2643 synagogis
1391 2587 1420 2625 J
1425 2585 1537 2627 udae-

151 2671 288 2703 orum,
310 2671 405 2711 quae
433 2656 473 2702 in
503 2658 645 2713 Cypro
675 2655 864 2712 plurimae
894 2655 1084 2711 fuerunt)
1106 2669 1234 2711 usquc
1254 2655 1311 2694 act
1331 2654 1536 2710 Paphum.

158 2724 253 2775 (Est
275 2734 411 2764 autem
435 2726 602 2781 Cyprus
622 2723 755 2764 insula
774 2723 879 2764 inter
899 2722 1167 2779 amplissimas
1187 2727 1436 2775 numerata.)
1481 2723 1536 2762 Et

155 2793 256 2834 dum
289 2794 328 2833 in
361 2794 462 2834 urbe
499 2793 644 2849 Papho
686 2792 976 2848 prmdicabant,
1015 2808 1109 2847 qua·
1141 2808 1165 2832 a
1202 2791 1418 2838 Salamine,
1455 2799 1541 2830 tota
