1799 3077
516 115 748 157 JUELLI
781 115 1119 157 APOLOGIA.
1422 120 1499 160 151

122 236 259 269 tamen
289 228 407 283 quasi
437 228 602 269 oriundi
633 227 712 268 sint
741 243 766 268 a
798 229 898 269 Sara
926 227 1098 268 muliere
1133 226 1273 279 libera,
1304 237 1344 268 et
1378 245 1506 270 uxore

122 295 368 347 Abrahami,
390 296 566 338 nominis
584 295 714 352 ipsius
736 305 776 337 et
798 296 935 353 stirpis
961 311 1097 345 causa,
1119 294 1280 335 malunt
1310 296 1507 351 appellari

126 364 326 404 Saraceni.

182 432 250 472 Ita
280 431 664 487 Pseudoprophetae
693 431 878 472 omnium
909 440 1159 486 temporum,
1191 429 1263 485 qui
1295 444 1379 470 sese
1410 431 1510 470 Pro-

123 498 259 555 phetis
279 498 375 550 Dei,
396 499 469 555 qui
491 499 639 549 Esaiae,
662 499 734 555 qui
758 499 995 548 Hieremiae,
1018 498 1090 554 qui
1109 497 1288 547 Christo,
1306 497 1378 552 qui
1396 499 1512 553 Apo-

124 566 236 607 stolis
256 567 535 623 opponebant,
557 567 659 607 nihil
681 582 865 623 unquam
887 582 1006 622 aeque
1028 565 1265 621 crepabant,
1287 575 1412 620 atque
1442 580 1512 606 no-

123 649 218 675 men
239 634 444 675 Ecclesiae.
506 636 655 690 Neque
675 650 744 675 eos
764 633 843 674 alia
871 633 923 674 de
953 648 1076 674 causa
1104 632 1162 673 ita
1191 632 1335 673 acerbe
1364 632 1514 673 lacera-

123 702 240 753 bant,
262 711 335 742 aut
358 702 554 758 perfugas
581 712 621 743 et
651 710 859 757 apostatas
889 700 1166 757 appellabant,
1190 716 1315 756 quam
1346 699 1460 755 quod
1491 714 1516 739 a

125 786 200 811 sua
220 769 409 811 societate
430 769 718 819 discessissent,
742 779 782 810 et
798 769 988 809 instituta
1007 769 1210 824 majorum
1227 784 1309 809 non
1326 768 1515 808 observa-

124 847 228 879 rent.
290 837 414 887 Quod
436 838 467 878 si
488 853 562 878 nos
582 837 796 878 hominum
819 846 981 877 tantum
1002 836 1183 886 illorum,
1204 851 1227 876 a
1248 835 1400 891 quibus
1425 844 1516 876 tum

126 905 310 947 Ecclesia
337 906 573 962 regebatur,
599 904 807 960 judicium
838 903 968 959 sequi,
990 903 1105 944 aliud
1135 912 1274 944 autem
1305 902 1420 952 nihil,
1443 918 1516 944 nec

127 976 282 1024 Deum,
305 989 380 1015 nec
410 974 500 1030 ejus
527 973 701 1014 verbum
733 981 915 1028 spectare
943 971 1150 1021 volumus,
1180 971 1320 1025 negari
1351 985 1519 1026 prorsus

127 1057 211 1083 non
231 1050 381 1098 potest,
405 1041 644 1098 Apostolos,
666 1040 781 1096 quod
802 1056 827 1080 a
849 1039 1121 1080 Pontificibus
1142 1048 1183 1079 et
1212 1037 1518 1087 Sacerdotibus,

128 1111 207 1151 hoc
227 1119 301 1160 est,
319 1110 372 1151 ab
391 1110 575 1151 Ecclesia
594 1108 797 1150 catholica
817 1107 1071 1157 defecissent,
1090 1116 1131 1147 et
1149 1107 1228 1147 illis
1248 1105 1386 1146 invitis
1402 1114 1443 1146 et
1460 1120 1521 1146 re-

130 1178 403 1220 clamantibus
424 1178 556 1219 multa
580 1177 622 1218 in
650 1177 846 1232 religione
876 1176 1152 1224 innovassent,
1174 1183 1283 1214 recte
1313 1173 1439 1214 fuisse
1469 1174 1521 1214 ab

130 1246 224 1296 illis,
247 1255 288 1287 et
309 1246 537 1287 secundum
558 1245 668 1301 leges
694 1244 999 1285 condemnatos.
1063 1244 1229 1298 Itaque,
1252 1251 1299 1281 ut
1321 1243 1521 1281 Antaeum

132 1314 250 1355 aiunt
269 1314 367 1355 olim
387 1315 440 1355 ab
463 1313 648 1355 Hercule
670 1312 898 1354 tollendum
923 1312 1048 1352 fuisse
1076 1327 1101 1351 a
1121 1312 1256 1351 Terra
1285 1320 1430 1358 matre,
1452 1323 1522 1348 an-

133 1391 301 1438 tequam
321 1382 373 1423 ab
395 1398 444 1423 eo
461 1390 600 1438 posset
619 1380 725 1421 vinci
743 1397 754 1427 ς
787 1380 846 1420 ita
865 1378 1086 1420 adversarii
1107 1378 1249 1427 nostri,
1269 1378 1321 1418 ab
1342 1377 1418 1417 ista
1439 1392 1523 1416 ma-

133 1460 195 1492 tre
216 1466 302 1500 sua,
325 1450 403 1491 hoc
423 1459 498 1500 est,
519 1450 572 1490 ab
592 1449 670 1490 ista
689 1448 799 1489 inani
822 1447 953 1503 specie
980 1456 1106 1502 atque
1136 1446 1284 1487 umbra
1315 1444 1521 1494 Ecclesiae,

134 1534 261 1574 quam
282 1534 369 1574 prae
391 1534 432 1559 se
450 1526 616 1574 gerunt,
639 1516 801 1557 levandi
823 1524 944 1562 sunt3
978 1514 1131 1569 alioqui
1152 1528 1234 1555 non
1262 1520 1436 1568 possunt
1463 1526 1526 1552 ce-

134 1586 231 1627 dere
261 1586 388 1626 verbo
418 1585 512 1625 Dei.
577 1586 727 1640 Itaque
760 1582 1008 1635 Hieremias,
1033 1581 1186 1631 Nolite,
1216 1580 1365 1636 inquit,
1395 1589 1527 1620 tanto-

135 1669 232 1710 pere
246 1653 418 1709 jactare,
441 1668 526 1693 esse
547 1652 659 1708 apud
684 1667 754 1692 vos
774 1650 975 1706 templum
998 1648 1168 1689 Domini
1185 1665 1195 1695 ;
1229 1663 1335 1688 vana
1355 1663 1403 1688 ea
1423 1646 1528 1687 fidu-

137 1722 290 1763 ciaest.
356 1722 462 1762 Sunt
483 1720 591 1761 enim
612 1720 703 1769 ista,
725 1718 875 1774 inquit,
898 1718 1023 1758 verba
1042 1716 1255 1757 mendacii.
1308 1715 1365 1755 Et
1386 1716 1529 1769 Ange-

136 1790 203 1831 lus
223 1790 265 1829 in
287 1788 564 1845 Apocalypsi:
600 1787 772 1836 Dicunt,
794 1785 945 1841 inquit,
969 1801 1009 1826 se
1035 1786 1065 1825 J
1071 1786 1209 1825 udaeos
1239 1800 1338 1833 esse,
1360 1791 1416 1840 ³42*-
1433 1790 1529 1822 sunt

141 1860 363 1915 Synagoga
405 1858 579 1898 Satanae.
640 1856 698 1896 Et
734 1853 940 1902 Christus,
974 1868 1069 1893 cum
1103 1851 1301 1892 Pharisaei
1335 1849 1530 1906 jactarint

136 1941 268 1982 genus
287 1934 328 1966 et
349 1924 590 1981 sanguinem
612 1921 861 1964 Abrahami:
897 1921 994 1970 Vos,
1016 1919 1166 1976 inquit,
1184 1935 1234 1960 ex
1257 1918 1436 1959 Diabolo
1457 1932 1531 1973 pa-

139 2004 201 2036 tre
236 1993 355 2040 estis;
390 1992 681 2033 Abrahamum
715 1990 822 2031 enim
854 1997 1013 2045 patrem
1046 2002 1128 2028 non
1163 1986 1333 2027 refertis.
1395 1987 1461 2026 Ac
1496 1984 1528 2024 si

139 2060 218 2101 illis
249 2060 306 2100 ita
336 2059 518 2106 diceret;
562 2060 660 2100 Non
690 2057 785 2098 estis
816 2056 858 2097 id
890 2055 1004 2111 quod
1035 2064 1248 2110 tantopere
1278 2053 1358 2093 dici
1388 2051 1524 2092 vultis.

143 2127 363 2184 Imponitis
382 2127 539 2183 populo
560 2126 750 2167 inanibus
778 2123 920 2173 titulis,
943 2132 984 2164 et
1013 2123 1066 2163 ad
1096 2121 1357 2162 evertendam
1389 2119 1528 2160 Eccle-

142 2197 241 2238 siam
262 2195 478 2236 abutimini
501 2195 664 2235 nomine
685 2192 888 2234 Ecclesiae.
951 2193 1090 2241 Quare
1118 2190 1194 2230 hoc
1220 2189 1317 2229 istos
1346 2188 1527 2242 primum

140 2264 301 2320 liquido
321 2272 362 2304 et
380 2278 475 2303 vere
496 2263 689 2318 probasse
709 2260 916 2317 oportuit3
951 2258 1175 2299 Ecclesiam
1193 2259 1424 2297 Romanam
1441 2270 1526 2295 esse

142 2347 283 2373 veram
304 2341 344 2372 et
366 2330 639 2372 orthodoxam
669 2329 893 2370 Ecclesiam
925 2326 1019 2376 Dei,
1044 2340 1217 2381 eamque
1247 2333 1294 2364 ut
1324 2322 1446 2363 hodie
1475 2322 1528 2363 ab

144 2400 243 2456 ipsis
263 2399 587 2449 administratur,
609 2413 704 2438 cum
731 2396 940 2453 primitiva
962 2393 1131 2442 Christi,
1154 2391 1468 2448 Apostolorum,
1491 2399 1533 2431 et

146 2476 381 2509 sanctorum
404 2468 578 2507 Patrum
601 2465 796 2513 Ecclesia,
818 2478 942 2519 quam
964 2476 1046 2502 non
1066 2459 1306 2501 dubitamus
1326 2458 1451 2499 fuisse
1471 2473 1535 2498 ca-

146 2535 353 2584 tholicam,
376 2533 604 2574 convenire.
665 2533 754 2572 Nos
773 2530 957 2586 quidem,
981 2528 1012 2569 si
1040 2526 1255 2576 inscitiam,
1279 2526 1308 2567 si
1340 2540 1533 2574 errorem,

147 2603 179 2644 si
201 2601 545 2659 superstitionem,
569 2599 600 2640 si
621 2599 781 2640 cultum
802 2597 1022 2649 idolorum,
1045 2595 1077 2635 si
1107 2595 1322 2635 hominum
1352 2593 1532 2641 inventa,

148 2687 278 2727 eaque
305 2686 412 2726 saepe
442 2667 673 2725 pugnantia
701 2680 796 2707 cum
828 2664 949 2705 sacris
982 2662 1218 2719 Scripturis,
1235 2662 1534 2718 judicassemus

150 2750 222 2781 aut
242 2740 402 2796 placere
426 2739 531 2787 Deo,
554 2745 626 2776 aut
645 2734 698 2775 ad
719 2742 914 2775 aeternam
937 2731 1108 2773 salutem
1132 2746 1216 2771 esse
1248 2730 1368 2779 satis3
1399 2738 1467 2769 aut
1502 2727 1532 2766 si

808 2802 881 2840 1,4
