1799 3077
484 131 715 172 JUELLI
749 132 1088 175 APOLOGIA.
1398 141 1478 181 115

89 244 212 294 facta,
234 258 469 300 agnoscere,
491 253 531 285 et
552 245 737 301 profiteri
757 245 993 287 debeamus.
1040 247 1164 298 Nam,
1182 256 1230 289 ut
1252 263 1336 290 uno
1354 252 1479 293 verbo

88 311 204 368 quod
228 327 293 353 res
320 320 381 352 est
411 311 610 363 dicamus,
632 312 698 354 isti
727 314 867 355 onmia
895 324 1048 365 nostra,
1069 314 1191 356 etiarn
1221 331 1282 367 ea,
1304 333 1398 373 quae
1427 334 1478 360 ne

88 379 166 436 ipsi
182 379 351 435 quidem
367 394 518 436 negare
533 390 707 436 possunt
727 391 849 432 recte,
867 391 992 438 atque
1013 382 1156 424 ordine
1176 399 1262 425 esse
1277 385 1398 437 facta,
1416 402 1479 428 ca-

88 446 359 497 lumniantur,
377 456 418 489 et
438 448 556 504 quasi
578 449 679 490 nihil
699 465 723 490 a
743 450 860 491 nobis
880 458 952 491 aut
973 449 1061 490 fieri
1081 459 1154 491 aut
1170 450 1250 492 dici
1265 461 1373 493 recte
1389 468 1479 508 pos-

89 514 154 565 sit,
185 514 243 555 ita
277 514 388 556 dicta
421 526 574 567 nostra,
607 517 800 574 factaque
836 518 974 559 omnia
1009 518 1210 559 malitiose
1240 519 1478 576 depravant.

92 582 327 639 Simplicius
346 584 515 640 quidem
536 594 576 626 et
596 585 812 627 candidius
831 586 1041 642 agendum
1061 598 1163 638 erat,
1187 587 1218 628 si
1241 603 1335 628 vere
1358 603 1480 644 agere

88 651 323 693 voluissent.
375 653 500 693 Nunc
519 661 657 694 autem
680 669 754 695 nec
775 670 883 705 vere,
902 670 975 695 nec
994 654 1230 697 Christiano
1251 671 1378 709 more,
1394 672 1480 698 mo-

88 718 241 775 doque,
264 719 334 760 sed
355 720 528 761 obscure
548 730 589 762 et
604 722 861 773 veteratorie,
879 723 1100 764 mendaciis
1122 739 1195 765 nos
1210 734 1475 781 oppugnant3

88 795 129 827 et
149 787 331 829 caecitate
350 788 494 844 populi
514 797 556 829 et
575 788 747 840 inscitia,
763 798 889 846 atque
904 790 1137 846 ignorantia
1153 792 1409 849 Principum,
1426 794 1481 835 ad

88 854 232 896 odium
253 855 380 896 nostri
401 865 441 896 et
460 855 513 896 ad
534 856 849 912 opprimendam
871 858 1086 899 veritatem
1109 860 1353 902 abutuntur.
1400 863 1480 904 Est

89 922 178 964 haec
197 932 378 980 potestas
399 924 676 976 tenebrarum,
699 935 740 966 et
759 925 975 967 hominum
997 936 1165 984 stupore
1194 929 1325 985 magis
1351 929 1480 986 impe-

88 990 179 1032 ritae
199 991 493 1043 multitudinis,
515 1000 556 1033 et
577 992 768 1043 tenebris,
789 1008 915 1049 quam
938 994 1109 1035 veritate
1129 1004 1203 1036 aut
1229 995 1320 1036 luce
1350 996 1479 1036 fiden-

91 1059 209 1110 tium,
232 1068 363 1116 utque
384 1060 669 1117 Hieronymus
689 1061 760 1113 ait,
775 1061 923 1103 clausis
943 1062 1071 1104 oculis
1086 1063 1248 1105 veritati
1263 1064 1478 1120 perspicue

89 1127 469 1169 contradicentium.
520 1129 608 1170 Nos
630 1144 726 1170 vero
745 1130 839 1171 Deo
859 1129 1017 1187 optimo
1032 1130 1212 1172 maximo
1226 1131 1380 1188 gratias
1394 1133 1479 1188 agi-

91 1211 197 1249 mus,
218 1212 308 1238 eam
329 1213 414 1239 esse
434 1213 599 1240 causam
621 1207 817 1250 nostram,
838 1198 880 1239 in
899 1214 1024 1255 quam
1047 1199 1112 1240 isti
1139 1215 1232 1241 cum
1264 1211 1476 1256 cuperent,

91 1264 246 1306 nullam
286 1266 576 1308 contumeliam
616 1275 782 1323 possent
822 1266 970 1318 dicere,
1005 1283 1100 1323 quae
1141 1283 1223 1309 non
1258 1268 1401 1309 eadem
1436 1268 1478 1309 in

90 1343 251 1376 sanctos
283 1336 441 1386 Patres,
472 1335 515 1376 in
546 1335 791 1391 Prophetas,
818 1335 860 1377 in
891 1335 1131 1392 ApostOIOS,
1154 1335 1194 1377 in
1227 1338 1415 1389 Petrum,
1435 1337 1477 1378 in

93 1401 288 1454 Paulum,
310 1403 351 1443 in
375 1403 586 1445 Christum
609 1403 745 1460 ipsum
768 1404 950 1460 torqueri
972 1414 1119 1460 posset.

148 1471 179 1510 J
182 1485 247 1511 am
270 1486 367 1512 vero
388 1471 420 1512 si
439 1470 527 1512 istis
551 1470 604 1512 ad
631 1471 961 1512 maledicendum
991 1472 1152 1513 disertis
1182 1481 1223 1513 et
1252 1473 1478 1529 eloquenti-

91 1539 170 1580 bus
191 1554 276 1580 esse
301 1538 409 1590 licet,
432 1554 506 1580 nos
535 1539 577 1579 in
607 1539 763 1595 optima
793 1547 932 1580 nostra
961 1555 1084 1581 causa
1113 1540 1166 1581 ad
1188 1556 1282 1582 vere
1312 1557 1478 1598 respon-

92 1606 291 1657 dendum,
313 1607 427 1648 haud
452 1622 548 1648 sane
573 1606 764 1648 convenit
793 1622 879 1648 esse
909 1616 1057 1648 mutos.
1119 1608 1340 1664 Negligere
1370 1610 1478 1651 enim

92 1674 197 1730 quid
227 1675 279 1716 de
311 1690 366 1726 se,
387 1690 544 1731 suaque
575 1690 711 1725 causa,
734 1675 923 1731 quamvis
952 1675 1052 1716 false
1081 1685 1122 1717 et
1146 1675 1394 1718 calumniose
1420 1678 1480 1719 di-

93 1753 224 1794 catur,
257 1743 483 1799 praesertim
513 1758 609 1784 cum
639 1742 679 1784 id
713 1743 916 1799 ejusmodi
947 1743 1012 1795 sit,
1045 1754 1092 1785 ut
1127 1744 1168 1785 in
1199 1761 1248 1786 eo
1280 1745 1360 1786 Dei
1395 1761 1479 1786 ma-

87 1812 216 1867 jestas
245 1820 287 1853 et
310 1811 518 1868 religionis
549 1811 761 1868 negotium
796 1811 985 1862 violetur,
1018 1812 1232 1854 hominum
1263 1822 1322 1854 est
1354 1813 1479 1854 disso-

93 1879 292 1930 lutorum,
314 1888 355 1921 et
384 1880 437 1921 ad
467 1879 638 1937 injurias
668 1879 797 1921 divini
828 1880 1005 1922 nominis
1037 1897 1177 1922 secure
1204 1890 1329 1937 atque
1356 1880 1479 1937 impie

93 1948 415 1990 conniventium.
475 1948 569 1990 Etsi
590 1947 697 1989 enim
720 1947 810 1989 aliae
830 1948 992 2004 injuriae
1013 1965 1121 2005 saepe
1141 1964 1302 2005 magnae
1329 1949 1381 1989 ab
1407 1949 1479 1989 ho-

94 2017 204 2058 mine
242 2016 428 2058 modesto
467 2025 508 2058 et
544 2016 780 2058 Christiano
814 2016 912 2058 ferri
947 2033 994 2057 ac
1031 2017 1277 2058 dissimulari
1307 2017 1476 2072 possint,

96 2095 233 2126 tamen
254 2085 455 2125 haereseos
475 2092 613 2126 notam
636 2083 708 2140 qui
729 2084 973 2134 dissimulet,
996 2100 1091 2125 eum
1114 2084 1309 2125 Ruffinus
1329 2099 1478 2139 negare

94 2153 251 2195 solebat
282 2168 367 2194 esse
395 2153 693 2194 Christianum.
754 2152 971 2194 Faciemus
1003 2168 1101 2209 ergo
1135 2168 1245 2193 nunc
1274 2152 1332 2202 id,
1364 2151 1478 2207 quod

93 2236 235 2262 omnes
268 2221 392 2278 leges,
425 2221 539 2277 quod
571 2237 654 2263 vox
686 2229 846 2262 naturae
879 2221 969 2278 ipsa
995 2221 1119 2277 jubet
1149 2221 1250 2271 fieri,
1282 2219 1479 2275 quodque

95 2289 287 2331 Christus
305 2290 392 2346 ipse
413 2289 453 2330 in
482 2289 601 2331 simili
628 2305 751 2330 causa
776 2288 1033 2330 contumeliis
1062 2288 1270 2345 appetitus
1297 2287 1408 2337 fecit,
1431 2295 1479 2328 ut

93 2357 265 2399 istorum
286 2357 586 2399 criminationes
606 2356 910 2413 propulsemus,
933 2365 981 2397 ut
1001 2371 1164 2397 causam
1189 2354 1479 2395 innocentiam-

94 2441 176 2481 que
196 2435 379 2466 nostram
399 2426 597 2476 modeste,
619 2434 660 2466 et
682 2440 775 2466 vere
796 2434 996 2466 tueamur.
1048 2426 1158 2465 Nam
1180 2423 1370 2465 Christus
1389 2423 1481 2479 qui-

94 2494 189 2535 dem
210 2509 305 2534 cum
325 2509 350 2534 a
371 2493 590 2534 Pharisaeis
615 2502 877 2534 accusaretur
896 2492 1094 2542 veneficii,
1116 2491 1232 2547 quasi
1262 2499 1480 2532 consuetu-

93 2562 231 2603 dinem
253 2561 422 2603 haberet
442 2576 537 2602 cum
557 2561 829 2610 daemonibus,
851 2568 892 2600 et
916 2559 1080 2600 illorum
1108 2575 1186 2616 ope
1215 2559 1347 2600 multa
1374 2560 1480 2600 faee-

95 2638 180 2670 ret:
213 2631 311 2685 Ego
333 2628 506 2685 (inquit)
529 2628 794 2669 Daemonium
816 2642 899 2668 non
925 2627 1072 2678 habeo,
1096 2627 1165 2668 sed
1196 2627 1379 2683 glorifico
1408 2642 1479 2683 pa·
1490 2641 1580 2670 Joan.
1595 2639 1654 2667 viii.

96 2708 198 2738 trem
220 2712 384 2744 meum;
417 2712 490 2738 vos
510 2704 648 2737 autem
675 2694 864 2736 affecistis
890 2709 955 2735 me
984 2694 1221 2750 ignominia.
1282 2695 1339 2736 Et
1370 2696 1478 2735 Pau-

95 2764 161 2806 lus
180 2780 273 2807 cum
294 2781 319 2806 a
339 2766 464 2806 Festo
480 2763 722 2821 proconsule
738 2771 1068 2805 contemneretur
1084 2771 1131 2804 ut
1146 2763 1334 2805 insanus:
1370 2762 1476 2816 Ego,

764 2845 777 2871 1
801 2832 828 2871 92
