1799 3077
623 162 915 203 RIDLEII.
1403 170 1451 207 :31

67 274 259 316 dissentit
279 274 331 315 ab
352 273 534 315 articulis
555 274 661 314 fidei.
716 276 876 324 Tertio,
900 285 1070 316 evacuat
1098 285 1138 316 et
1165 277 1271 317 tollit
1300 279 1457 320 institu-

70 342 221 384 tionem
244 342 415 384 Domini
443 342 495 383 de
528 343 669 383 Coena.
723 344 896 395 Quarto,
920 344 1131 400 prostituit
1162 346 1338 401 pretiosa
1367 362 1459 401 pro-

68 411 240 466 phanis;
275 410 438 467 projicit
460 410 568 451 enirn
590 410 704 466 quod
726 420 913 452 sanctum
935 421 995 453 est
1016 413 1199 463 canibus,
1221 415 1460 469 margaritas

66 478 218 520 scilicet
257 479 403 535 porcis.
472 477 644 529 Quinto,
684 478 816 520 multa
855 480 965 536 cogit
998 490 1228 521 monstrosa
1266 481 1459 522 miracula

67 557 219 603 praeter
248 547 545 597 necessitatem,
578 557 618 588 et
650 548 941 589 authoritatem
975 549 1088 589 verbi
1123 548 1266 589 Divini
1298 564 1459 605 ponere.

70 616 211 666 Sexto,
234 631 373 657 ansam
403 616 562 672 praebet
588 615 803 666 haereticis,
826 632 910 672 qua
941 632 1035 657 suos
1065 632 1222 658 errores
1252 626 1461 667 tueantur,

68 684 140 739 qui
177 684 229 725 de
265 684 430 725 duabus
464 683 623 724 naturis
662 683 703 724 in
746 683 913 725 Christo
953 700 1035 725 non
1074 695 1182 726 recte
1221 685 1458 727 sentiebant*

71 753 270 808 Septimo,
308 752 434 793 fidem
468 751 651 792 veritatis
686 752 880 793 humanae
917 762 1077 794 naturae
1112 753 1153 793 in
1190 753 1359 795 Christo
1389 755 1463 795 im-

68 819 229 861 minuit.
282 820 458 870 Octavo‚
479 818 668 860 falsificat
690 819 800 860 dicta
826 830 993 876 patrum
1026 822 1368 872 orthodoxorum,
1390 822 1464 863 fal-

70 889 199 929 sificat
219 898 261 929 et
282 888 407 929 fidem
429 887 625 929 Ecclesiae
647 887 906 940 catholicam,
927 903 1053 944 quam
1073 889 1266 945 Apostoli
1289 889 1465 931 tradide-

70 965 183 1007 runt,
207 956 420 1012 Martyres
441 956 756 1006 roboraverunt,
779 965 820 996 et
850 955 992 997 fideles
1015 957 1082 1010 (ut
1112 957 1282 1012 quidam
1314 973 1364 998 ex
1395 973 1465 1014 pa-

72 1025 205 1066 tribus
226 1024 380 1080 inquit)
405 1039 537 1079 usque
557 1038 667 1064 nunc
688 1024 949 1065 custodiunt:
984 1039 1083 1079 ergo
1104 1024 1236 1066 minor
1257 1035 1317 1066 est
1338 1040 1443 1067 vera.

165 1154 387 1180 PROBATIO
421 1152 774 1179 ANTECEDENTIS
809 1153 945 1179 HUJUS
981 1154 1253 1180 ARGUMENTI
1288 1154 1372 1180 PER

678 1222 865 1248 PARTES.

133 1296 158 1336 i.
198 1295 416 1337 Contraria
452 1306 513 1336 est
545 1296 671 1337 verbo
708 1296 801 1345 Dei,
843 1297 957 1336 Ioan.
998 1296 1078 1337 xvi.
1116 1296 1338 1338 Veritatem
1377 1297 1469 1338 dico

74 1365 204 1415 vobis,
238 1364 408 1420 expedit
440 1364 556 1405 vobis
590 1373 637 1405 ut
670 1380 746 1421 ego
779 1364 953 1410 vadam;
997 1364 1029 1405 si
1060 1365 1168 1405 enim
1203 1380 1283 1406 non
1316 1365 1467 1416 abiero,

75 1433 315 1475 Paracletus
354 1433 407 1474 ad
447 1448 520 1474 vos
566 1448 648 1473 non
688 1433 835 1474 veniet.
891 1435 984 1474 Act.
1018 1433 1070 1473 iii.
1125 1435 1259 1484 Quem
1307 1443 1468 1490 oportet

76 1502 226 1544 coelum
267 1501 465 1557 accipere,
503 1516 637 1556 usque
676 1502 717 1541 in
758 1511 944 1557 tempora
978 1501 1248 1542 restitutionis
1284 1502 1467 1542 omnium

75 1587 170 1627 quae
196 1570 397 1626 loquutus
421 1579 482 1610 est
510 1571 638 1610 Deus.
681 1571 786 1610 Mat.
810 1570 862 1609 ix.
899 1570 994 1610 Non
1022 1578 1194 1624 possunt
1221 1569 1292 1610 filii
1322 1571 1469 1626 Sponsi

78 1640 234 1696 lugere,
255 1638 444 1695 quandiu
465 1652 559 1678 cum
580 1637 659 1679 illis
680 1647 740 1679 est
763 1639 968 1694 Sponsus:
1004 1638 1071 1678 sed
1096 1652 1205 1678 nunc
1226 1647 1288 1679 est
1308 1650 1472 1694 tempus

76 1709 224 1750 luctus.
278 1708 394 1748 Ioan.
427 1706 507 1747 xvi.
545 1706 625 1746 Sed
652 1706 801 1747 iterum
823 1705 974 1746 videbo
995 1721 1081 1753 vos,
1104 1715 1144 1747 et
1174 1705 1373 1761 gaudebit
1403 1722 1472 1747 cor

76 1785 272 1818 vestrum.
327 1776 444 1815 Ioan.
468 1774 548 1814 xiv.
585 1776 743 1815 Iterum
768 1773 944 1823 veniam,
965 1784 1006 1814 et
1026 1788 1231 1814 assumam
1247 1789 1319 1814 vos
1338 1774 1391 1814 ad
1408 1789 1472 1815 me

76 1844 227 1900 ipsum.
279 1844 405 1884 Matt.
439 1843 551 1883 xxiv.
595 1843 636 1883 Si
669 1843 849 1883 dixerint
882 1842 1010 1891 vobis,
1043 1858 1134 1883 ecce
1166 1842 1230 1882 hic
1263 1842 1469 1893 Christus,

78 1921 150 1953 aut
170 1911 266 1962 illic,
288 1910 415 1953 nolite
434 1912 621 1952 credere:
657 1911 895 1966 ubicunque
927 1909 1052 1950 fuerit
1082 1910 1270 1959 cadaver,
1293 1910 1348 1951 ibi
1379 1925 1471 1951 con-

77 1980 366 2036 gregabuntur
387 1989 428 2021 et
448 1979 612 2035 aquilae.

134 2047 177 2089 ii.
200 2047 404 2089 Dissentit
432 2047 484 2088 ab
512 2046 694 2088 articulis
724 2046 842 2087 fidei:
884 2045 1085 2086 Ascendit
1116 2044 1169 2085 ad
1200 2044 1336 2093 coelos,
1360 2044 1472 2085 sedet

79 2116 132 2156 ad
152 2116 366 2157 dexteram
383 2115 464 2157 Dei
483 2115 643 2162 Patris3
679 2114 804 2163 unde,
823 2123 863 2154 et
879 2129 959 2154 non
977 2112 1143 2154 aliunde
1162 2112 1316 2167 (inquit
1332 2113 1469 2167 Aug.)

81 2193 282 2225 venturus
302 2194 364 2225 est
385 2185 437 2225 ad
453 2183 730 2240 judicandum
754 2182 868 2223 vivos
889 2190 930 2222 et
950 2190 1146 2222 mortuos.

138 2252 192 2292 iii.
230 2254 421 2295 Evacuat
461 2262 502 2294 et
544 2251 647 2293 tollit
690 2250 989 2291 institutionem
1033 2250 1174 2289 Coenae
1216 2247 1468 2293 Dominicae3

82 2332 228 2379 utpote
264 2339 360 2380 quae
396 2332 559 2365 tantum
588 2323 706 2378 jussa
741 2331 802 2362 est
838 2320 1036 2376 tantisper
1069 2317 1312 2367 continuari,
1343 2317 1473 2357 donec

84 2391 291 2432 Dominus
318 2392 405 2448 ipse
426 2391 605 2432 venerit:
642 2390 683 2431 Si
714 2389 841 2445 igitur
872 2404 982 2429 nunc
1013 2401 1191 2443 praesens
1222 2394 1281 2426 est
1311 2385 1474 2425 realiter

83 2460 123 2499 in
144 2474 314 2515 corpore
340 2459 472 2500 carnis
501 2474 601 2509 suae,
623 2458 746 2498 debet
772 2457 864 2498 'haec
896 2458 1027 2497 Coena
1057 2469 1221 2495 cessare.
1285 2454 1474 2493 Comme-

81 2527 256 2568 moratio
276 2527 479 2583 siquidem
501 2542 583 2567 non
605 2535 665 2567 est
685 2526 742 2566 rei
764 2524 992 2581 praesentis,
1015 2522 1085 2563 sed
1107 2520 1327 2577 praeteritae
1348 2529 1388 2561 et
1404 2521 1474 2561 ab-

84 2596 232 2637 sentis:
268 2594 474 2636 Memoria
493 2604 631 2635 autem
654 2604 694 2634 et
716 2592 933 2648 praesentia
956 2591 1176 2632 differunt:
1211 2591 1355 2645 Atque
1387 2590 1473 2630 fru-

86 2671 169 2703 stra
188 2663 244 2704 ibi
266 2663 435 2719 ponitur
455 2662 590 2718 figura
613 2660 766 2716 (inquit
791 2676 840 2700 ex
864 2659 1013 2715 patrib.
1035 2658 1226 2713 quidam)
1249 2657 1319 2698 ubi
1342 2672 1403 2697 res
1431 2657 1475 2696 fi-

88 2740 237 2785 gurata
256 2746 436 2787 praesens
455 2739 526 2770 est.

144 2797 212 2838 iiii.
239 2799 455 2839 Prostituit
478 2797 656 2854 pretiosa
677 2795 914 2852 prophanis,
938 2805 975 2835 et
1003 2794 1132 2834 multa
1163 2793 1269 2847 cogit
1299 2790 1474 2832 absurda

779 2879 802 2903 Ε
823 2866 848 2901 2
