1799 3077
498 125 729 167 JUELLI
763 126 1101 167 APOLOGIA.
1411 130 1494 174 159

103 241 185 282 bus
203 239 322 281 facile
341 238 456 281 nullo
476 254 612 281 errore
633 238 887 295 deprehendi
904 248 1058 296 posset,
1079 255 1101 280 e
1121 253 1206 295 quo
1226 240 1402 295 quisque
1427 257 1496 296 ge-

105 324 202 350 nere
231 308 432 350 oriundus
462 316 580 359 esset,
604 307 729 363 jussit
758 307 920 349 incendi
952 316 993 349 et
1022 306 1191 357 aboleri,
1214 306 1416 357 videlicet,
1446 323 1497 349 ne

107 377 210 433 quid
238 384 468 432 superesset
494 375 536 416 in
568 384 794 431 posterum,
816 391 901 431 quo
930 375 1017 431 ipse
1047 374 1181 416 notari
1210 384 1349 431 posset
1378 374 1497 416 alieni

109 444 330 501 sanguinis.
393 445 462 484 Ita
480 459 650 500 prorsus
669 443 749 494 isti,
770 459 865 485 cuni
891 443 1028 484 omnia
1055 459 1141 494 sua,
1161 443 1279 499 quasi
1309 443 1362 484 ab
1384 445 1499 499 Apo-

110 512 235 563 stolis,
257 521 330 553 aut
350 527 375 552 a
397 511 565 553 Christo
586 511 750 561 tradita,
773 511 900 553 velint
920 511 1063 552 haberi
1083 511 1125 552 in
1146 511 1296 567 precio,
1319 526 1370 552 ne
1397 511 1500 567 quid

108 580 271 636 uspiam
293 579 483 636 supersit,
506 580 619 636 quod
636 580 707 636 huj
715 580 922 621 uscemodi
939 580 1108 631 somnia,
1126 588 1167 621 et
1182 579 1395 620 mendacia
1408 594 1501 635 pos-

111 647 162 688 sit
182 663 419 704 coarguere,
440 658 513 689 aut
533 648 772 699 incendunt,
795 659 868 689 aut
888 648 1045 705 populo
1066 648 1343 689 intervertunt
1369 663 1501 688 sacras

117 715 364 772 Scripturas.

171 784 303 824 Recte
333 798 442 834 sane,
464 792 505 823 et
525 781 645 823 valde
675 782 716 823 in
746 782 844 823 istos
874 783 1059 839 apposite
1091 782 1230 824 scribit
1255 783 1499 840 Chrysosto-
1513 791 1551 841 ln
1567 799 1657 829 opere

113 865 227 891 mus:
272 850 486 901 Haeretici,
517 850 667 908 inquit,
705 850 905 891 claudunt
938 851 1089 907 januas
1123 851 1296 891 veritati.
1359 835 1702 892 Sciuntmperfecto.

115 918 238 969 enim,
262 919 293 959 si
313 918 394 960 illae
414 928 597 975 pateant,
620 917 847 959 Ecclesiam
868 934 950 959 non
977 918 1065 959 fore
1096 934 1224 959 suam.
1284 920 1344 959 Et
1366 919 1508 959 Theo-

115 987 350 1044 phylactus,
369 987 568 1037 Verbum,
591 986 740 1042 inquit,
764 985 845 1027 Dei
865 995 926 1027 est
944 986 1126 1036 lucerna,
1143 986 1195 1026 ad
1212 1001 1337 1042 quam
1354 986 1423 1026 fur
1439 986 1509 1026 de-

116 1055 402 1111 prehenditur.
454 1057 512 1096 Et
534 1054 834 1105 Tertullianus,
859 1056 997 1105 Sacra,
1018 1054 1168 1110 inquit,
1192 1054 1406 1110 Scriptura
1425 1054 1508 1095 hae-

118 1123 338 1164 reticorum
359 1123 526 1164 fraudes
547 1130 588 1163 et
607 1122 720 1163 furta
740 1122 956 1163 convincit.
1021 1124 1110 1163 Cur
1130 1122 1238 1163 enim
1266 1122 1414 1172 celant,
1435 1137 1509 1163 cur

120 1191 387 1247 supprimunt
407 1190 701 1247 Evangelium,
724 1190 837 1246 quod
861 1190 1053 1232 Christus
1074 1190 1126 1231 de
1153 1199 1260 1232 tecto
1288 1190 1421 1231 sonari
1442 1206 1513 1231 vo-

118 1258 222 1300 luit?
253 1261 341 1300 Cur
361 1259 465 1300 illud
485 1259 625 1300 lumen
647 1259 809 1299 abdunt
829 1258 906 1299 sub
923 1258 1124 1308 modium,
1140 1258 1254 1314 quod
1272 1268 1377 1300 stare
1393 1274 1512 1315 opor-

123 1327 204 1369 tuit
227 1327 270 1368 in
297 1327 572 1368 candelabro?
616 1329 705 1368 Cur
725 1326 1003 1367 multitudinis
1023 1326 1224 1382 imperitae
1245 1327 1430 1378 caecitati,
1454 1337 1514 1369 at-

125 1411 207 1452 que
227 1396 398 1437 inscitiae
419 1396 549 1452 magis
569 1410 694 1451 quam
716 1410 850 1436 causae
873 1394 1044 1435 bonitati
1065 1394 1310 1435 confidunt?
1345 1396 1414 1435 An
1435 1410 1513 1451 pu-

125 1473 229 1516 tant,
249 1474 356 1505 artes
372 1464 459 1520 jam
482 1480 576 1504 suas
603 1479 685 1504 non
706 1463 866 1503 videri?
899 1464 992 1503 Aut
1022 1478 1063 1503 se
1093 1478 1217 1513 nunc,
1240 1463 1356 1518 quasi
1379 1463 1514 1520 Gygis

125 1532 324 1573 annulum
347 1532 538 1581 habeant,
561 1547 678 1587 posse
698 1530 909 1571 ambulare
936 1530 1250 1587 inconspicuos?
1296 1531 1401 1572 Satis
1425 1532 1514 1587 jam

127 1615 281 1650 omnes,
305 1599 399 1640 satis
412 1599 568 1650 vident,
590 1599 693 1654 quid
715 1598 765 1639 sit
785 1599 826 1639 in
847 1598 917 1639 illo
934 1598 1079 1639 scrinio
1095 1599 1269 1654 pectoris
1287 1599 1512 1648 Pontificii3

126 1667 191 1708 vel
212 1668 290 1708 hoc
310 1668 447 1724 ipsum
467 1677 713 1724 argumento
734 1683 818 1708 esse
838 1675 988 1723 potest,
1010 1682 1091 1707 non
1114 1676 1222 1707 recte
1244 1668 1296 1708 ab
1316 1667 1409 1717 illis,
1432 1683 1515 1708 non

128 1751 223 1776 vere
244 1736 322 1792 agi.
387 1738 587 1792 Suspecta
605 1735 751 1776 merito
771 1734 902 1776 videri
923 1735 1046 1776 debet
1066 1750 1113 1775 ea
1141 1750 1275 1785 causa,
1299 1751 1394 1791 quae
1424 1752 1518 1777 exa-

130 1819 223 1844 men
245 1815 285 1844 et
307 1803 440 1844 lucem
461 1803 627 1859 fugitat.
688 1803 797 1843 Nam
818 1802 891 1858 qui
913 1801 1018 1843 male
1037 1803 1147 1853 facit,
1168 1811 1212 1843 ut
1236 1802 1427 1844 Christus
1446 1804 1516 1854 ait,

131 1871 281 1928 quaerit
301 1872 490 1912 tenebras
507 1881 547 1912 et
567 1871 654 1912 odit
675 1870 832 1917 lucem;
866 1870 1027 1911 animus
1047 1870 1151 1911 bene
1168 1870 1243 1911 sibi
1259 1871 1443 1912 conscius
1459 1871 1520 1912 ul-

134 1950 197 1981 tro
217 1939 330 1981 venit
350 1939 391 1980 in
413 1948 693 1995 conspectum,
715 1948 762 1979 ut
781 1953 920 1994 opera,
938 1952 1033 1994 quae
1054 1954 1078 1979 a
1098 1939 1191 1979 Deo
1206 1939 1392 1994 profecta
1407 1948 1519 1991 sunt,

132 2007 263 2048 videri
281 2007 449 2064 possint.
512 2007 581 2048 Illi
601 2015 741 2047 autem
762 2021 844 2046 non
872 2021 1004 2061 usque
1032 2005 1135 2046 adeo
1161 2006 1256 2046 caeci
1288 2016 1396 2056 sunt,
1418 2007 1520 2062 quin

135 2086 182 2115 ut
211 2075 289 2117 hoc
319 2076 415 2117 satis
446 2075 626 2125 videant,
657 2074 688 2115 si
721 2074 944 2130 Scripturae
976 2073 1098 2114 semel
1129 2074 1354 2123 obtineant,
1382 2084 1520 2115 actum

135 2158 220 2184 esse
241 2144 377 2185 statim
403 2144 455 2184 de
480 2159 609 2200 regno
637 2149 735 2190 suo;
781 2152 910 2198 utque
940 2141 1037 2181 olim
1068 2141 1184 2182 aiunt
1214 2141 1324 2182 idola
1354 2143 1522 2183 Daemo-

136 2226 252 2261 num,
273 2228 298 2252 a
317 2212 469 2267 quibus
490 2211 627 2253 omnia
653 2219 743 2252 tum
774 2209 938 2251 oracula
968 2210 1230 2265 petebantur,
1253 2220 1420 2264 repente
1450 2211 1522 2251 ob-

135 2279 335 2320 mutuisse
364 2280 415 2320 ad
447 2289 658 2336 aspectum
687 2278 855 2329 Christi,
877 2293 972 2319 cum
1002 2277 1069 2318 ille
1090 2277 1263 2318 venisset
1293 2277 1335 2317 in
1366 2288 1518 2326 terras;

136 2346 194 2388 ita
214 2363 323 2389 nunc
343 2363 484 2389 omnes
504 2359 610 2389 artes
631 2363 724 2388 suas
744 2346 797 2387 ad
818 2354 1029 2401 aspectum
1047 2344 1263 2399 Evangelii
1285 2345 1421 2385 statim
1437 2362 1522 2387 esse

138 2415 332 2457 ruituras.
382 2416 666 2457 Antichristus
686 2414 795 2455 enim
816 2429 898 2455 non
918 2413 1124 2469 abjicitur,
1146 2412 1222 2453 nisi
1242 2411 1425 2454 claritate
1452 2414 1524 2455 ad-

137 2491 285 2523 ventus
307 2482 474 2524 Christi.

199 2552 287 2591 Nos
307 2550 490 2606 quidem,
514 2565 595 2590 non
615 2559 663 2590 ut
690 2548 756 2590 isti
786 2548 929 2598 solent,
951 2547 1001 2588 ad
1033 2546 1218 2587 flammas
1246 2546 1522 2602 confugimus,

143 2620 213 2660 sed
235 2618 288 2658 ad
311 2618 557 2674 Scripturas,
579 2632 653 2657 nec
673 2616 762 2656 illos
782 2615 891 2655 ferro
910 2613 1159 2663 obsidemus,
1182 2612 1253 2653 sed
1275 2613 1400 2654 verbo
1430 2615 1524 2656 Dei.

144 2690 214 2729 Ex
244 2687 327 2737 illo,
351 2697 396 2727 ut
427 2684 711 2726 Tertullianus
740 2683 810 2733 ait,
840 2683 987 2723 Fidem
1017 2681 1188 2728 alimus3
1231 2696 1281 2721 ex
1311 2680 1381 2721 illo
1411 2697 1521 2737 spem
1540 2695 1675 2724 2T11ess.
1693 2694 1724 2722 ii.

144 2756 363 2811 erigimus3
397 2770 445 2795 ex
467 2753 537 2794 illo
564 2752 755 2793 fiduciam
783 2752 1005 2791 firmamus.
1068 2749 1228 2789 Scimus
1258 2749 1364 2789 enim
1387 2751 1525 2789 Evan-
