1799 3077
304 123 388 165 216
632 124 867 165 NOELLI
901 121 1365 164 CATECHISMUS.

361 239 419 278 A.
456 238 520 278 Ut
558 235 688 293 ipsius
727 235 930 291 majestati
958 244 979 275 y
996 250 1199 277 summam
1228 233 1546 284 venerationem,
1578 249 1687 275 sum-

303 320 418 346 mum
452 306 542 362 ejus
576 314 596 333 ²
611 303 784 346 bonitati
823 319 1002 345 amorem
1042 313 1168 360 atque
1200 302 1395 344 fiduciam
1430 311 1687 358 praestemus,

302 373 354 415 ad
390 373 506 414 illum
543 372 845 428 confugiamus,
879 380 898 400 a
912 381 953 412 et
986 372 1114 428 ipsius
1145 371 1411 428 imploremus
1444 385 1581 426 opem,
1611 369 1688 410 illi-

301 458 384 499 que
403 457 478 483 nos
498 451 538 483 et
557 441 578 471 b
595 449 734 482 nostra
753 440 890 482 omnia
909 450 1075 497 accepta
1094 440 1333 482 referamus.
1389 441 1434 480 H
1438 455 1496 480 aec
1517 447 1564 480 ut
1583 438 1688 479 nulli

300 509 383 559 aiii,
404 509 462 551 ita
480 509 538 550 illi
559 508 633 550 soli
653 507 886 549 exhibenda
906 517 1003 548 sunt
1029 507 1185 555 omnia3
1216 507 1248 548 si
1262 507 1380 548 illum
1398 506 1529 548 solum
1546 507 1686 546 Deum

299 586 317 607 0
331 587 514 619 nostrum
537 577 702 626 habere,
720 575 912 631 illiusque
932 574 1113 632 populus
1128 575 1345 631 peculiaris
1361 590 1446 616 esse
1461 574 1664 615 volumus.

359 647 424 687 M.
456 645 617 687 Ultima
635 644 706 685 illa
725 644 865 694 verba,
889 658 1042 685 CORAM
1067 658 1147 693 ME,
1170 642 1273 699 quid
1294 642 1555 699 significant?

358 716 414 755 A.
447 715 543 754 Non
564 728 682 768 posse
703 727 776 753 nos
797 711 861 752 vel
883 711 1007 753 semel
1027 711 1079 752 ad
1100 710 1371 752 defectionem
1392 718 1587 767 spectare,
1608 709 1686 751 nisi

301 783 441 823 Deum
460 780 480 809 d
494 789 639 821 testem
665 779 892 820 habeamus
906 796 917 827 ;
957 779 1059 820 nihil
1089 778 1197 819 enim
1227 787 1312 819 tam
1341 778 1529 819 abditum
1560 786 1686 833 atque

299 849 557 890 reconditum
578 863 677 898 esse,
699 856 747 888 ut
767 861 861 887 eum
882 846 1008 888 latere
1028 846 1167 903 possit.
1228 847 1435 886 Praeterea
1460 860 1543 885 non
1570 859 1686 901 aper-

300 926 354 958 tae
379 916 511 958 solum
530 924 547 945 e
564 914 827 956 confessionis
857 914 1068 963 honorem,
1090 914 1161 954 sed
1191 922 1232 954 et
1260 912 1394 953 cordis
1423 912 1608 952 intimam
1638 926 1685 951 ac

300 985 496 1026 sinceram
516 983 711 1040 pietatem
731 982 939 1038 requirere
961 998 1045 1023 sese
1072 983 1190 1022 Deus
1218 981 1372 1021 indicat
1389 997 1399 1028 3
1442 989 1489 1020 ut
1518 978 1590 1035 qui
1619 993 1684 1019 oc-

298 1052 503 1094 cultarum
525 1052 576 1093 sit
596 1051 891 1107 cogitationum
912 1050 1098 1106 cognitor
1118 1058 1243 1105 atque
1257 1048 1403 1105 judex.

356 1122 421 1162 M.
455 1120 562 1162 Satis
581 1135 680 1176 ergo
700 1119 859 1160 dictum
887 1128 974 1160 esto
1000 1118 1051 1159 de
1081 1118 1215 1175 primo
1245 1125 1451 1174 praecepto
1465 1132 1476 1164 3
1512 1116 1600 1172 jam
1631 1113 1685 1155 ad

300 1189 528 1231 seeundum
548 1203 780 1244 pergamus.

358 1257 412 1296 A.
435 1256 855 1297 fSlMULACHRUM
885 1268 1073 1295 ULLlus
1107 1267 1210 1303 REI,
1236 1266 1352 1294 QUAE
1387 1264 1486 1292 AUT
1522 1262 1682 1291 sUPRA

302 1338 357 1365 ΙΝ
383 1337 543 1374 COELo,
561 1337 672 1365 AU'P
691 1336 849 1364 INFRA
871 1337 924 1364 1N
946 1335 1132 1372 TERRA,
1149 1334 1249 1362 AUT
1271 1335 1324 1361 IN
1346 1332 1501 1360 AQUIS
1523 1329 1682 1358 INFRA

301 1405 514 1433 TERRAM
545 1405 640 1441 SIT,
662 1405 767 1432 NON
789 1403 1069 1438 EFFINGES3
1106 1402 1168 1430 EA
1189 1402 1293 1430 NON
1315 1399 1678 1430 VENERABERIS

303 1474 478 1502 NEQUE
499 1473 671 1501 COLES.
712 1472 822 1500 NAM
845 1472 945 1499 EGO
974 1472 1076 1499 SUM
1098 1458 1350 1498 DOMINUS
1370 1456 1511 1496 DEus
1533 1467 1683 1505 Tuus,

79 1535 119 1585 Jd
134 1536 193 1583 est,
299 1537 319 1567 g
335 1541 649 1577 ZELOTYPUS,
674 1540 765 1568 QUI
798 1539 1081 1567 PARENTUM
1116 1537 1477 1567 INIQUITATEM
1510 1535 1676 1563 ETIAM

83 1581 247 1650 ggiffitoens
303 1610 358 1637 ΙΝ
404 1609 612 1636 LIBERIS
648 1608 890 1644 VINDICO,
928 1608 995 1634 AD
1035 1606 1272 1634 TERTIAM
1315 1605 1484 1633 USQUE
1525 1604 1684 1631 QUAR-

299 1677 520 1705 TAMQUE
547 1676 855 1704 PROGENIEM
879 1675 1091 1702 OSORUM
1116 1674 1233 1707 ΜΕ1ς
1265 1671 1680 1701 CLEMENTIAQUE

302 1745 439 1773 UTOR
482 1745 546 1772 AD
588 1743 930 1771 MILLESIMAM
977 1742 1143 1770 USQUF,
1181 1741 1507 1777 PROGENIEM,
1543 1739 1680 1767 ERGA

302 1813 397 1840 MEI
423 1812 686 1848 AMANTES,
713 1810 929 1838 MEAQUE
955 1809 1230 1838 PRAECEPTA
1259 1808 1678 1837 CONSERVANTES.

355 1863 421 1908 M.
453 1867 620 1907 Horum
641 1865 863 1906 verborum
884 1864 977 1920 quis
998 1873 1059 1905 est
1080 1879 1220 1905 sensus
1234 1867 1252 1904 Ρ

354 1936 409 1975 A.
443 1933 572 1975 Sicuti
592 1932 727 1989 primo
746 1942 953 1988 praecepto
973 1932 1102 1972 solum
1126 1947 1166 1972 se
1187 1930 1264 1972 coli
1284 1929 1527 1985 adorarique
1542 1929 1679 1985 jubet,

296 2003 354 2044 ita
378 2002 457 2043 isto
482 2002 535 2042 ab
566 2001 677 2042 omni
711 2000 998 2056 superstitione
1031 1999 1268 2054 vitiosisque
1300 2008 1340 2039 et
1372 1997 1576 2053 corporeis
1606 1998 1681 2053 fig-

296 2070 443 2111 mentis
464 2077 621 2119 avocat,
644 2067 983 2124 quandoquidem
1002 2067 1131 2123 ipsius
1151 2065 1287 2107 cultus
1308 2065 1328 2094 h
1347 2064 1583 2121 spiritualis,
1604 2080 1682 2121 pu-

296 2153 450 2193 rusque
466 2153 550 2178 esse
567 2137 690 2177 debet
706 2153 717 2184 ς
751 2135 929 2177 maxime
945 2151 1041 2176 vero
1057 2135 1109 2176 ab
1125 2144 1293 2175 externa
1310 2132 1318 2162 i
1332 2132 1562 2174 idololatria
1577 2147 1682 2174 cras-

296 2205 453 2246 sissimo
475 2205 573 2247 vitio
594 2220 667 2245 nos
687 2204 876 2246 deterret.

337 2334 353 2355 5
370 2329 468 2360 Deut.
485 2338 517 2359 x.
536 2337 586 2359 12.
613 2337 625 2358 1
645 2327 717 2358 Par.
734 2327 798 2358 xvi.
817 2327 866 2358 28.
891 2327 974 2358 Psal.
991 2326 1081 2357 xxix.
1100 2335 1130 2363 2,
1150 2327 1208 2357 &c.
1223 2331 1255 2356 et
1269 2326 1351 2356 xcvi.
1367 2325 1400 2362 6,
1416 2333 1445 2365 7.
1569 2331 1582 2345 2
1598 2325 1680 2356 Mat.

295 2383 376 2413 xxii.
391 2389 445 2422 37.
473 2392 484 2412 1
504 2382 600 2412 donn.
617 2381 659 2412 iv.
678 2388 727 2421 17.
744 2386 776 2413 et
792 2391 822 2411 v.
841 2391 889 2411 10.
1010 2387 1024 2400 Β
1041 2380 1125 2411 Psal.
1143 2380 1164 2410 1.
1184 2378 1232 2411 16.
1258 2380 1338 2410 Mat.
1355 2379 1397 2409 vi.
1413 2389 1443 2419 9.
1563 2378 1578 2398 ¹'
1595 2369 1680 2409 Psal.

296 2437 406 2467 xxxiv.
422 2436 499 2466 lxvi.
516 2436 597 2466 cxlv.
615 2441 647 2466 et
662 2440 730 2466 toto
743 2435 825 2465 libro
841 2434 959 2464 Psalm.
1162 2440 1174 2453 ⁰
1191 2433 1267 2464 Lev.
1284 2433 1372 2462 xxvi.
1392 2441 1439 2462 12.
1462 2432 1561 2463 Dent.
1578 2432 1630 2462 vii.
1648 2431 1678 2462 6.

295 2488 381 2519 Psal.
396 2498 468 2519 xcv.
484 2487 518 2525 6,
536 2496 564 2528 7.
581 2494 614 2519 et
628 2488 744 2519 xxxiii.
764 2497 813 2519 12.
836 2488 903 2518 Tit.
920 2488 952 2518 ii.
974 2496 1021 2524 14.
1047 2487 1130 2517 Heb.
1148 2486 1214 2517 viii.
1235 2496 1284 2517 10.
1371 2486 1385 2505 d
1402 2486 1485 2516 Psal.
1503 2485 1616 2516 xxxiii.
1629 2495 1679 2524 14.

296 2541 383 2572 Esai.
400 2542 489 2571 xxix.
510 2552 558 2582 15.
582 2543 648 2573 Jer.
663 2542 741 2572 xvii.
758 2551 792 2582 9,
813 2551 861 2572 10.
887 2541 969 2572 Heb.
984 2540 1026 2570 iv.
1046 2550 1094 2579 13.
1242 2545 1254 2560 ε
1270 2539 1356 2570 Esai.
1373 2539 1393 2569 i.
1411 2539 1459 2570 16.
1472 2544 1504 2570 et
1519 2540 1609 2571 xxix.
1630 2549 1679 2579 13.

300 2602 349 2634 15.
382 2595 463 2625 Mat.
480 2605 509 2625 v.
527 2595 558 2625 8.
576 2601 608 2626 et
624 2606 677 2626 xv.
692 2595 725 2631 8,
744 2595 793 2625 18.
922 2592 1046 2625 fExod.
1061 2604 1113 2624 xx.
1131 2602 1161 2631 4.
1196 2593 1273 2623 Lev.
1286 2593 1374 2623 xxvi.
1396 2603 1421 2623 1.
1452 2593 1549 2623 Deut.
1566 2593 1608 2623 iv.
1630 2600 1677 2632 15.

294 2652 329 2678 et
343 2659 372 2678 v.
389 2648 423 2684 8,
440 2657 473 2687 9,
495 2658 544 2679 10.
561 2653 593 2679 et
608 2649 708 2679 xxvii.
730 2656 777 2687 15.
800 2648 884 2678 Psal.
901 2648 998 2678 xcvii.
1018 2654 1044 2686 7.
1068 2646 1155 2677 Esai.
1171 2646 1240 2676 xlii.
1254 2646 1285 2677 8.
1424 2653 1438 2673 g
1453 2646 1556 2676 Exod.
1569 2646 1677 2676 xxxiv.

299 2707 330 2740 7,
351 2709 399 2738 14.
424 2701 520 2731 Deut.
538 2701 592 2731 vii.
609 2711 640 2741 9.
760 2700 775 2721 ¹¹
788 2701 875 2732 Esai.
891 2701 926 2731 ii.
947 2700 995 2731 18.
1018 2700 1114 2731 Joan.
1128 2700 1170 2731 iv.
1189 2709 1242 2738 23,
1260 2709 1310 2736 24.
1429 2698 1436 2719 i
1451 2699 1535 2730 Psal.
1552 2699 1676 2730 lxxviii.

296 2753 349 2793 64·
376 2754 461 2785 Esai.
474 2754 542 2785 xlii.
558 2754 591 2790 8,
612 2761 660 2794 17.
677 2759 709 2785 ct
724 2754 800 2785 xliv.
816 2764 846 2795 9.
872 2754 938 2785 Jer.
952 2764 982 2785 x.
998 2763 1047 2791 14.
