1799 3077
462 153 696 195 NOELLI
731 150 1192 194 CATECHISMUS.
1436 155 1510 198 29]

133 268 450 324 acquiescentes,
470 269 611 309 Deum
631 281 771 323 preces
791 274 971 321 votaque
991 273 1130 306 nostra
1148 264 1459 316 exauditurum,
1481 276 1521 307 et

133 336 244 392 quod
267 336 519 392 petierimus,
541 344 747 392 quatenus
767 334 935 391 quidem
956 333 1000 374 id
1024 333 1142 374 nobis
1169 332 1374 388 expediet,
1396 333 1522 389 impe-

135 412 315 444 traturos
341 419 415 445 nos
444 419 530 444 esse
560 411 801 444 statuamus.
863 401 1057 451 Proinde,
1079 401 1153 458 qui
1185 409 1337 442 temere
1365 408 1520 456 aatque

134 471 361 512 inconsulte
382 471 436 511 ad
456 471 711 527 precandum
731 470 947 520 accedunt,
969 469 1125 525 quique
1145 468 1393 517 haesitantes,
1408 478 1449 509 et
1469 468 1520 509 de

135 553 324 579 successu
353 538 498 580 incerti
528 546 662 589 orant,
683 553 790 579 vana
819 536 1017 593 irritaque
1046 536 1173 578 verba
1200 536 1404 577 incassum
1427 536 1522 576 fun-

134 605 252 646 dunt.

193 675 257 714 M.
291 674 487 730 InteUigo
507 688 591 729 qua
610 672 764 713 fiducia
794 672 933 712 Deum
964 671 1239 712 invocandum
1270 686 1355 712 esse
1384 671 1518 718 dicas;

135 757 246 782 nunc
266 758 352 798 qua
370 742 495 783 animi
514 741 728 782 affectione
747 740 1026 781 accedendum
1048 740 1113 790 sit,
1129 739 1301 796 explica.

192 811 247 850 A.
271 809 291 838 b
307 809 570 865 Indigentiae,
588 807 863 864 egestatisque
879 815 1043 858 nostrae,
1061 817 1102 848 et
1117 822 1410 857 aerumnarum,
1428 822 1523 863 quae

134 892 208 918 nos
236 886 446 933 premunt,
468 892 588 918 sensu
618 876 776 917 animos
803 884 962 916 nostros
991 875 1171 931 graviter
1200 876 1305 917 affici
1334 884 1520 932 oportet;

133 945 238 986 adeo
258 945 441 1000 quidem,
464 954 513 985 ut
542 943 792 985 liberationis
813 959 863 984 ex
894 959 943 984 ea
972 943 1170 993 molestia,
1193 953 1319 999 atque
1339 944 1428 999 opis
1450 944 1525 984 Di-

136 1013 255 1064 vinae,
288 1028 414 1069 quam
447 1012 692 1069 expetimus,
727 1011 945 1068 desyderio
971 1010 1129 1067 ingenti
1161 1011 1397 1067 flagremus.
1458 1011 1524 1052 Sic

135 1097 232 1122 vero
257 1081 402 1122 animis
431 1080 580 1130 affecti,
603 1080 690 1120 fieri
721 1095 803 1121 non
833 1088 983 1135 potest,
1005 1079 1108 1134 quin
1128 1078 1409 1128 attentissime,
1432 1087 1525 1119 Car-

135 1149 456 1205 dentissimoque
484 1148 636 1198 studio,
658 1148 771 1203 quod
799 1147 1004 1204 cupimus,
1026 1147 1218 1203 precibus
1243 1147 1436 1188 omnibus
1455 1163 1525 1187 vo-

137 1216 271 1272 tisque
291 1231 574 1272 exposcamus.

194 1285 257 1324 M.
300 1284 432 1325 Video
464 1299 563 1340 ergo
593 1298 674 1324 non
711 1282 806 1323 satis
841 1298 927 1323 esse
962 1282 1105 1337 lingua
1140 1292 1318 1332 tantum,
1351 1290 1392 1323 et
1426 1297 1525 1322 voce

135 1352 306 1407 precari.

193 1422 249 1460 A.
283 1422 429 1461 Mente
453 1419 611 1475 datque
641 1418 882 1467 attentione,
912 1417 997 1458 sine
1027 1433 1112 1473 qua
1142 1432 1281 1473 preces
1310 1432 1525 1473 nunquam

136 1487 317 1528 efficaces
343 1503 428 1528 esse
458 1495 645 1543 possunt,
669 1501 751 1527 non
781 1485 980 1535 adhibita,
1003 1485 1161 1540 precari
1191 1500 1273 1525 non
1304 1485 1436 1525 solum
1466 1493 1527 1526 est

136 1555 318 1596 laborem
355 1555 542 1595 inutilem
577 1555 732 1595 frustra
767 1552 996 1609 suscipere;
1044 1552 1275 1608 (quomodo
1309 1553 1417 1593 enim
1453 1544 1528 1593 nos

139 1625 256 1665 Deus
299 1623 509 1672 exaudiat,
549 1638 681 1678 quum
727 1637 809 1662 non
848 1620 1101 1662 attendimus
1139 1630 1242 1662 enec
1282 1621 1528 1662 exaudimus

138 1692 407 1748 nosmetipsos
421 1693 458 1742 P)
491 1706 565 1732 nec
596 1690 736 1731 inanes
769 1689 901 1731 solum
934 1688 1018 1729 sine
1048 1689 1205 1739 fructu,
1227 1689 1296 1730 sed
1319 1698 1360 1730 et
1385 1690 1528 1730 noxias

138 1759 300 1809 setiam,
317 1759 413 1801 laesa
428 1759 640 1815 majestate
662 1758 830 1808 Divina,
848 1772 967 1798 voces
987 1757 1186 1805 fundere3
1215 1766 1376 1798 tantum
1397 1757 1526 1806 abest,

139 1839 186 1869 ut
207 1827 408 1869 Divinum
430 1842 582 1867 numen
606 1826 753 1867 scelere
768 1825 969 1867 violatum
985 1825 1187 1881 ejusmodi
1208 1841 1348 1882 preces
1367 1824 1530 1881 placare

138 1905 305 1952 queant.

197 1965 260 2004 M.
294 1963 420 2005 Unde
441 1963 519 2004 ista
537 1963 595 2003 ita
614 1978 699 2003 esse
720 1961 1018 2017 intelligimus?

195 2033 252 2073 A.
282 2041 302 2070 g
317 2033 456 2081 Quum
481 2032 598 2072 Deus
624 2030 675 2071 sit
707 2029 900 2086 Spiritus,
925 2029 993 2082 (ut
1023 2028 1081 2068 ita
1107 2027 1274 2083 loquar)
1298 2036 1423 2083 atque
1443 2027 1528 2067 ani-

139 2114 232 2140 mus
265 2098 523 2155 purissimus,
554 2098 737 2139 animum
773 2105 1051 2151 mentemque,
1088 2110 1182 2135 cum
1218 2094 1317 2135 alias
1353 2109 1526 2150 semper,

141 2178 229 2209 tum
262 2182 360 2207 vero
389 2166 432 2206 in
462 2166 658 2215 oratione,
681 2180 755 2221 per
785 2179 909 2220 quam
940 2162 1126 2204 homines
1156 2177 1251 2203 cum
1284 2163 1378 2202 Deo
1411 2162 1528 2217 quasi

138 2235 447 2290 colloquuntur,
479 2242 520 2273 et
548 2233 866 2282 communicant,
898 2230 963 2271 vel
994 2229 1171 2270 maxime
1200 2228 1383 2285 requirit.
1446 2227 1529 2269 Sed

139 2312 181 2345 et
206 2303 253 2343 iis
281 2311 458 2350 tantum,
480 2300 553 2356 qui
583 2300 718 2357 ipsum
739 2300 883 2348 hvere,
905 2298 949 2338 id
979 2306 1053 2347 est,
1076 2312 1127 2337 ex
1158 2296 1294 2337 animo
1321 2296 1527 2345 invocant,

141 2370 424 2426 propinquum
444 2369 532 2410 fore
554 2383 608 2418 se,
630 2382 857 2422 eorumque
887 2381 1026 2422 preces
1053 2364 1129 2405 sibi
1154 2364 1267 2405 cordi
1287 2379 1386 2413 esse,
1409 2373 1529 2404 testa-

142 2447 220 2478 tur.
263 2439 421 2478 Contra
440 2452 551 2487 vero,
573 2435 646 2492 qui
666 2435 891 2484 isimulate,
915 2443 1117 2474 temereve
1138 2432 1179 2473 in
1200 2431 1342 2487 lingua
1362 2446 1528 2487 promp-

186 2540 199 2553 ὓ
216 2534 298 2564 Mat.
313 2543 367 2563 xx.
386 2542 435 2563 22.
457 2533 523 2563 xxi.
540 2541 592 2562 21.
614 2532 708 2560 Joan.
727 2530 790 2560 xvi.
809 2537 859 2566 24.
881 2528 993 2558 Jacob.
1009 2528 1031 2558 i.
1049 2526 1079 2557 6.
1103 2528 1146 2557 iv.
1161 2537 1193 2565 3.
1311 2525 1325 2545 b
1341 2526 1424 2556 Psal.
1440 2526 1462 2556 1.
1482 2532 1529 2565 15.

143 2587 227 2617 xciv.
245 2594 273 2627 7.
297 2587 403 2617 cxxiv.
424 2594 452 2623 1,
472 2595 501 2616 2.
525 2585 644 2615 cxxvii.
668 2593 697 2621 1,
716 2593 745 2613 2.
784 2583 878 2613 Rom.
905 2582 959 2611 vii.
981 2581 1030 2611 18.
1064 2581 1128 2611 viii.
1148 2590 1198 2619 23.
1233 2590 1249 2611 2
1269 2581 1343 2610 Cor.
1365 2580 1412 2610 iii.
1437 2589 1471 2618 4,
1497 2589 1528 2619 5.

141 2647 155 2661 ς
180 2641 257 2671 Luc.
279 2640 369 2671 xviii.
391 2648 423 2680 5,
450 2646 478 2679 7.
512 2639 607 2668 Rom.
623 2637 681 2668 xii.
702 2646 751 2668 12.
784 2636 901 2675 Ephes.
917 2635 958 2665 vi.
979 2635 1025 2665 18.
1060 2635 1167 2666 Colos.
1185 2634 1227 2665 iv.
1246 2643 1274 2664 2.
1311 2643 1323 2664 1
1343 2634 1431 2665 Tim.
1448 2634 1481 2664 ii.
1501 2644 1528 2664 1.

141 2694 155 2713 ‘¹
177 2704 187 2724 1
210 2694 283 2725 Cor.
301 2694 366 2724 xiv.
387 2703 437 2732 14,
460 2702 506 2733 15.
556 2697 568 2711 Ε
591 2701 600 2721 1
618 2691 692 2722 Cor.
708 2690 773 2720 xiv.
789 2699 838 2719 11.
905 2687 916 2708 s
931 2689 1013 2719 psal.
1030 2689 1091 2719 cix.
1110 2696 1139 2728 7.
1205 2695 1219 2714 g
1233 2689 1329 2718 Joan.
1346 2688 1388 2718 iv.
1407 2696 1459 2725 232
1479 2695 1530 2724 24.

147 2754 162 2775 2
180 2745 255 2776 Cor.
271 2745 318 2776 iii.
340 2754 387 2784 17.
488 2744 503 2764 ¹¹
519 2743 603 2774 Psal.
619 2742 701 2773 cxlv.
721 2741 770 2778 18,
793 2751 841 2781 19.
944 2741 1055 2772 ‘Esah
1070 2741 1161 2772 xxix.
1180 2750 1230 2778 12,
1251 2751 1299 2779 13.
1327 2742 1409 2772 Mat.
1427 2750 1479 2771 xv.
1497 2740 1528 2769 8.

145 2808 199 2829 xx.
217 2807 267 2828 22.

829 2838 903 2876 112
