1799 3077
522 115 749 156 JUELLI
783 117 1121 158 APOLOGIA.
1428 123 1505 166 171

127 242 212 268 esse
232 226 455 279 discedere,
476 227 595 270 facile
615 239 788 284 possunt
808 229 849 269 in
871 239 1011 271 nostro
1037 230 1170 286 capite
1197 239 1238 270 et
1266 232 1511 288 Prophetas,

127 304 168 335 et
196 295 429 351 Apostolos,
457 304 498 337 et
529 296 742 337 Christum
778 297 914 353 ipsum
951 298 1238 340 condemnare.
1297 300 1405 340 Nam
1440 318 1513 343 cur

126 362 204 403 hoc
227 363 349 404 etiam
370 379 453 404 non
476 374 723 419 queruntur,
749 365 936 406 Lothum
953 382 975 406 e
993 366 1172 407 Sodoma
1180 383 1192 418 ;
1225 367 1513 409 Abrahamum

127 446 149 471 e
181 429 403 477 Chaldaea3
447 431 652 472 Hebraeos
683 448 733 473 ex
765 434 982 489 AEgypt03
1023 434 1236 475 Christum
1268 450 1292 475 a
1322 436 1351 474 J
1358 435 1511 482 udaeis;

128 497 307 538 Paulum
330 513 355 538 a
375 498 594 540 Pharisaeis
615 499 873 541 discessisse?
905 500 997 541 Nisi
1017 501 1123 541 enim
1141 502 1257 558 justa
1272 501 1410 557 aliqua
1425 518 1517 558 pos-

127 565 178 606 sit
198 581 283 606 esse
304 581 427 607 causa
447 566 714 618 discessionis,
738 567 839 608 nihil
860 568 1062 619 videmus,
1083 585 1157 610 cur
1178 585 1260 611 non
1276 569 1334 610 illi
1350 586 1517 626 quoque

127 634 283 690 possint
306 634 451 675 eodem
472 635 610 686 modo,
632 635 820 676 factionis
841 645 882 677 et
903 637 1111 678 seditionis
1131 637 1326 678 accusari.

186 702 310 752 Quod
332 702 364 742 si
384 718 457 743 nos
478 703 701 743 damnandi
730 719 873 744 sumus
900 719 976 759 pro
1005 705 1220 755 haereticis,
1243 705 1315 761 qui
1346 705 1517 747 istorum

128 769 329 825 imperata
359 770 497 810 omnia
526 785 608 810 non
638 771 826 821 facimus,
860 772 962 827 quid
996 772 1084 812 illi?
1126 773 1199 828 qui
1233 773 1415 824 tandem,
1446 783 1520 815 aut

128 837 270 892 quales
293 837 419 877 videri
451 838 617 888 debent,
639 838 713 893 qui
742 839 896 879 Christi
928 847 968 880 et
989 840 1290 896 Apostolorum
1320 841 1520 897 imperata

128 908 428 946 contemnunt?
462 905 505 946 Si
526 921 598 946 nos
620 921 762 946 sumus
786 906 1055 957 Schismatici‚
1077 907 1150 963 qui
1180 907 1438 949 discessimus
1467 910 1520 951 ab

128 973 229 1023 istis,
251 989 337 1029 quo
358 973 525 1014 tandem
545 973 635 1014 illos
656 974 821 1014 nomine
848 975 1164 1030 appellabimus,
1187 976 1260 1032 qui
1290 993 1314 1017 a
1347 977 1519 1029 Graecis,

128 1056 152 1081 a
172 1041 325 1097 quibus
347 1041 494 1082 Fidem
515 1051 776 1097 acceperunt,
794 1043 847 1083 ab
868 1042 1052 1084 Ecclesia
1072 1043 1294 1100 primitiva,
1311 1060 1336 1085 a
1355 1045 1522 1087 Christo

127 1109 233 1165 ipso,
269 1110 322 1150 ab
362 1109 591 1165 ApostoliS,
636 1118 834 1165 tanquam
873 1126 898 1151 a
936 1111 1178 1166 parentibus
1216 1111 1520 1155 discesserunt?

129 1178 241 1219 Nam
273 1177 411 1218 Graeci
442 1177 626 1233 quidem,
658 1177 731 1233 qui
762 1177 884 1219 hodie
914 1180 1163 1235 profitentur
1197 1180 1451 1236 religionem,
1481 1190 1523 1222 et

130 1260 279 1286 nomen
302 1244 482 1293 Christi3
517 1245 592 1286 etsi
612 1246 743 1286 multa
762 1246 917 1287 habent
937 1248 1226 1298 contaminata,
1250 1264 1442 1304 magnam
1464 1258 1521 1290 ta-

129 1327 223 1354 men
244 1313 381 1354 adhuc
401 1322 560 1370 partem
582 1314 759 1354 retinent
780 1330 937 1365 eorum,
961 1331 1056 1370 quae
1077 1326 1318 1371 acceperant
1338 1316 1390 1357 ab
1411 1318 1523 1372 Apo-

129 1380 252 1421 stolis.
316 1381 466 1436 Itaque
487 1397 561 1422 nec
582 1381 762 1438 privatas
783 1382 937 1423 habent
959 1382 1124 1434 Missas,
1145 1398 1219 1424 nec
1248 1392 1437 1424 truncata
1463 1400 1524 1424 sa-

129 1458 349 1499 cramenta,
373 1465 447 1490 nec
467 1449 722 1505 purgatoria,
741 1465 814 1490 nec
834 1449 1123 1506 indulgentias.
1170 1451 1407 1491 Pontificios
1423 1467 1520 1492 vero

131 1516 286 1567 titulos,
309 1525 350 1558 et
369 1517 587 1573 magnifica
607 1517 773 1558 nomina
795 1517 897 1558 tanti
918 1518 1089 1568 faciunt,
1111 1527 1158 1559 ut
1186 1518 1425 1575 quicunque
1452 1536 1521 1560 eos

130 1583 317 1639 imponat
337 1584 428 1635 sibi,
451 1600 576 1640 seque
597 1584 662 1625 vel
689 1585 961 1626 universalem
989 1586 1259 1642 Episcopum,
1281 1587 1347 1627 vel
1377 1587 1521 1628 Eccle-

130 1651 199 1692 siae
221 1651 347 1692 totius
367 1661 491 1708 caput
512 1652 610 1693 velit
630 1652 842 1708 appellari,
865 1668 960 1693 eum
982 1653 1041 1693 illi
1061 1669 1144 1694 non
1165 1654 1370 1705 dubitent,
1394 1664 1434 1696 et
1455 1671 1521 1696 su-

131 1719 305 1774 perbum
327 1719 550 1771 hominem,
571 1729 612 1760 et
632 1720 672 1760 in
695 1736 836 1761 omnes
865 1721 965 1761 alios
992 1721 1220 1778 Episcopos
1249 1722 1396 1763 fratres
1427 1739 1522 1764 suos

132 1787 489 1838 contumeliosum,
512 1796 551 1828 et
574 1788 833 1829 Haereticum
854 1805 939 1830 esse
960 1789 1106 1829 dicere.

190 1856 218 1894 J
222 1870 286 1895 am
310 1871 406 1895 vero
425 1870 520 1896 cum
547 1855 813 1912 perspicuum
840 1857 905 1907 sit,
926 1866 966 1898 et
993 1857 1133 1913 negari
1158 1872 1239 1898 non
1262 1857 1402 1913 possit,
1424 1858 1523 1899 istos

132 1923 184 1964 ab
203 1923 282 1963 illis
301 1939 326 1963 a
345 1923 498 1980 quibus
518 1923 812 1979 Evangelium,
832 1940 857 1965 a
876 1925 1029 1980 quibus
1051 1925 1213 1975 Fidem,
1231 1941 1255 1966 a
1269 1925 1422 1980 quibus
1439 1928 1522 1966 Re-

132 1991 341 2047 ligionem,
372 2007 395 2032 a
435 1992 588 2047 quibus
624 1991 850 2033 Ecclesiam
890 2001 1149 2048 acceperunt,
1179 1992 1387 2043 defecisse,
1418 1993 1520 2049 quid

135 2074 268 2100 causae
289 2068 363 2109 est,
386 2074 461 2100 cur
490 2075 600 2100 nunc
631 2060 684 2100 ad
715 2060 893 2111 eosdem,
916 2070 1113 2116 tanquam
1145 2060 1198 2101 ad
1228 2061 1360 2101 fontes
1390 2060 1521 2102 nolint

135 2127 345 2168 revocari?
379 2129 467 2168 Cur
491 2127 609 2183 quasi
631 2127 825 2184 Apostoli
852 2143 1005 2179 omnes,
1030 2130 1257 2183 Patresque
1288 2128 1389 2168 nihil
1409 2129 1521 2169 vide-

136 2194 231 2244 rint,
253 2194 310 2235 ita
330 2194 495 2235 illorum
517 2203 751 2252 temporum
778 2195 1083 2236 similitudinem
1112 2195 1410 2236 reformidant?
1454 2197 1521 2235 An

137 2262 244 2302 enim
278 2262 345 2302 isti
378 2261 473 2317 plus
503 2263 658 2313 vident,
691 2273 764 2303 aut
799 2262 1027 2303 Ecclesiam
1065 2262 1145 2303 Dei
1180 2262 1313 2318 pluris
1348 2262 1521 2312 faciunt,

137 2344 262 2384 quam
283 2329 356 2380 illi,
379 2329 452 2385 qui
472 2329 549 2371 ista
570 2330 861 2371 tradiderunt?
898 2331 1008 2370 Nam
1039 2345 1112 2371 nos
1142 2329 1311 2385 quidem
1341 2329 1524 2370 discessi-

137 2411 230 2436 mus
249 2397 302 2437 ab
322 2396 391 2437 illa
412 2398 608 2449 Ecclesia,
630 2398 672 2439 in
693 2414 777 2454 qua
797 2414 871 2438 nec
885 2398 1056 2438 verbum
1081 2397 1159 2438 Dei
1182 2412 1286 2452 pure
1301 2397 1433 2437 audiri
1449 2413 1522 2453 po-

139 2464 232 2514 tuit,
254 2479 328 2505 nec
349 2476 602 2506 sacramenta
621 2465 910 2515 administrari,
933 2481 1006 2506 nec
1034 2465 1115 2505 Dei
1142 2479 1304 2516 nomen,
1328 2474 1374 2505 ut
1403 2481 1524 2521 opor-

139 2531 232 2581 tuit,
254 2531 458 2579 invocari3
493 2548 619 2587 quam
640 2533 715 2588 ipsi
737 2533 920 2573 fatentur
940 2525 1081 2573 multis
1098 2533 1141 2572 in
1161 2532 1286 2573 rebus
1306 2548 1390 2573 esse
1405 2532 1522 2574 vitio-

139 2615 249 2645 sam;
283 2599 324 2640 in
345 2615 429 2655 qua
455 2599 555 2640 nihil
584 2610 670 2640 crat
699 2600 813 2655 quod
843 2615 1078 2656 quenquam
1109 2609 1246 2656 posset
1274 2600 1522 2656 prudentem

139 2668 360 2717 hominem,
382 2677 422 2708 et
443 2667 494 2708 dc
523 2683 596 2707 sua
623 2667 751 2708 salute
779 2668 1040 2723 cogitantem,
1062 2668 1246 2709 retinere.
1309 2670 1523 2709 Postremo

139 2735 190 2779 ab
228 2735 412 2776 Ecclesia
446 2751 494 2775 ea
526 2735 783 2775 discessimus
819 2750 913 2789 quae
944 2750 1054 2776 nunc
1084 2746 1158 2784 est,
1190 2750 1271 2776 non
1302 2750 1396 2790 quae
1425 2733 1520 2774 olim
