1799 3077
273 135 356 175 280
599 134 834 176 NOELLI
869 133 1334 175 CATECHISMUS.

327 248 384 289 A.
426 247 613 288 Tametsi
644 247 801 288 animos
831 246 1046 288 hominum
1078 245 1343 296 immortales,
1375 246 1658 302 sempiternos-

271 331 353 372 que
373 331 459 356 esse
478 315 707 365 credamus,
731 324 866 355 tamen
889 314 920 355 si
941 329 1114 370 corpora
1133 324 1273 355 nostra
1295 313 1464 355 interitu
1490 313 1658 355 omnino

271 383 446 425 delenda
470 383 558 425 fore
587 391 843 439 putaremus,
866 382 1194 424 fconcideremus
1223 397 1406 438 prorsus,
1428 391 1476 424 ut
1494 381 1567 437 qui
1597 397 1658 422 so-

269 451 354 492 lido
383 451 537 507 gaudio
567 461 607 492 et
634 467 724 491 aevo
755 449 1001 505 sempiterno
1033 450 1197 506 integri,
1227 450 1356 491 altera
1384 449 1512 491 nostri
1541 458 1658 506 parte

271 519 514 569 desiderata,
536 533 748 573 nunquam
778 518 1022 558 frueremur.
1083 518 1180 558 Non
1211 517 1366 558 animas
1395 533 1494 573 ergo
1525 516 1659 557 solum

270 595 444 637 nostras,
465 602 596 642 quum
617 602 668 627 ex
694 586 771 626 hac
791 585 877 626 vita
906 584 1146 641 migramus,
1169 584 1412 625 admistione
1437 600 1658 641 corporum

270 654 474 705 liberatas,
497 670 623 710 puras
653 662 694 695 et
723 653 903 709 integras
934 653 1070 693 statim
1090 652 1162 693 gin
1185 651 1335 693 coelum
1362 652 1413 693 ad
1443 652 1658 693 Christum

269 722 445 773 evolare,
477 733 588 763 certo
620 721 838 769 credimus,
871 736 1016 761 verum
1046 720 1169 762 etiam
1204 736 1376 776 corpora
1410 729 1550 761 nostra
1580 719 1658 760 hin

270 790 478 830 meliorem
500 790 597 830 vitae
628 798 780 830 statum
811 788 1014 839 restituta,
1037 788 1120 829 suis
1141 789 1304 829 tandem
1327 787 1472 828 animis
1493 802 1658 828 rursum

270 858 573 914 conjungenda,
606 866 795 912 totosque
825 872 899 897 nos
928 857 1108 912 perfecte
1142 865 1267 912 atque
1297 855 1483 896 absolute
1517 855 1660 896 beatos

270 925 526 974 efficiendos;
560 926 637 966 hoc
668 933 742 975 est,
765 933 848 965 tam
880 924 1135 980 corporibus,
1157 939 1283 979 quam
1317 923 1461 964 animis
1494 923 1656 974 nostris,

271 993 512 1044 aeternitate,
553 992 873 1043 immortalitate,
914 992 1081 1048 vitaque
1119 992 1242 1047 longe
1280 990 1526 1039 beatissima,
1563 1006 1659 1046 quae

270 1061 481 1118 perpetuis
511 1061 755 1103 saeculorum
788 1060 980 1102 aetatibus
1010 1075 1093 1100 non
1126 1059 1428 1110 immutabitur,
1459 1059 1660 1100 fruituros

270 1146 370 1180 esse,
393 1130 495 1170 nihil
525 1131 711 1187 profecto
741 1129 992 1171 dubitamus.
1055 1130 1162 1169 Haec
1193 1143 1284 1184 spes
1313 1143 1388 1168 nos
1416 1127 1459 1167 in
1488 1127 1660 1168 miseriis

271 1197 541 1250 iconsolatur,
562 1199 639 1239 hac
663 1214 734 1254 spe
764 1197 943 1254 praediti,
966 1212 1049 1237 non
1079 1196 1210 1237 solum
1241 1195 1500 1236 incommoda
1520 1204 1561 1236 et
1581 1195 1661 1236 dif-

270 1265 487 1317 ficultates,
510 1266 662 1322 quibus
692 1266 733 1306 in
764 1266 840 1306 hac
872 1264 957 1306 vita
985 1264 1199 1314 afficimur,
1223 1263 1293 1304 sed
1313 1263 1409 1303 vitae
1433 1271 1660 1304 commuta-

272 1333 437 1385 tionem,
460 1350 506 1375 ac
534 1334 677 1375 mortis
696 1333 856 1374 dolores
886 1332 1106 1374 toleranter
1136 1331 1318 1388 patimur
1337 1340 1377 1371 et
1398 1330 1656 1372 sustinemus.

272 1402 455 1443 Mortem
487 1401 609 1451 enim,
631 1417 714 1442 non
738 1400 950 1441 interitum
971 1400 1109 1440 omnia
1129 1399 1353 1448 tollentem,
1376 1408 1501 1454 atque
1521 1399 1658 1439 delen-

270 1479 367 1519 tem,
391 1471 461 1510 sed
482 1469 629 1510 ducem
652 1468 769 1509 nobis
789 1468 831 1508 in
852 1468 1002 1509 coelum
1023 1483 1121 1518 esse,
1144 1483 1239 1523 quae
1269 1482 1342 1508 nos
1371 1466 1412 1506 in
1433 1466 1540 1507 viam
1571 1466 1655 1522 pla-

269 1546 385 1587 catae,
407 1536 655 1592 tranquillae,
675 1536 823 1585 beatae,
852 1535 1110 1591 sempiternae
1141 1534 1236 1575 vitae
1266 1534 1457 1584 deducat,
1490 1550 1658 1590 persua-

270 1603 471 1645 sissimum
505 1604 715 1645 habemus.
776 1605 837 1644 Et
866 1603 1039 1659 proinde
1060 1618 1111 1643 ex
1130 1617 1349 1658 corporum
1370 1601 1543 1642 vinculis
1570 1614 1659 1643 tan-

269 1687 395 1728 quam
425 1687 476 1712 ex
505 1687 678 1722 carcere,
706 1671 759 1712 ad
788 1671 971 1712 kcoelum
1003 1671 1119 1727 quasi
1150 1685 1408 1719 communem
1440 1670 1585 1711 urbem
1616 1680 1658 1712 et

269 1739 473 1780 civitatem
496 1738 577 1780 Dei
604 1749 730 1795 atque
762 1738 991 1789 hominum,
1021 1738 1172 1779 alacres
1203 1737 1370 1793 laetique
1400 1738 1657 1780 excurrimus

268 1816 394 1863 atque
415 1806 636 1848 evolamus.

328 1877 393 1917 M.
424 1875 591 1931 Ecquid
612 1883 811 1932 praeterea
831 1875 1024 1917 conducit
1043 1875 1121 1916 ista
1139 1874 1386 1916 credidisse?

288 1964 291 1967 ¹
325 1945 384 1985 A.
415 1943 707 1984 Admonemur
733 1959 784 1984 ne
810 1943 933 1984 rebus
961 1942 1139 1994 incertis,
1160 1942 1297 1993 fluxis,
1317 1952 1358 1983 et.
1387 1943 1551 1984 caducis
1580 1959 1654 1986 nos

267 2011 554 2067 impediamus,
592 2020 664 2052 aut
707 2011 988 2068 implicemus;
1040 2026 1091 2051 ne
1140 2010 1193 2051 ad
1233 2020 1435 2051 terrenam
1479 2010 1653 2067 glmiam

267 2089 340 2120 aut
366 2079 618 2120 foelicitatem
650 2087 905 2135 spectemus3
939 2078 1010 2119 sed
1040 2078 1244 2118 mundum
1277 2079 1387 2119 hunc
1418 2078 1490 2120 lut
1519 2079 1654 2135 inqui-

266 2147 352 2197 lini,
385 2159 425 2188 et
455 2147 507 2188 de
539 2147 782 2203 migratione
813 2156 1014 2203 perpetuo
1045 2146 1290 2202 cogitantes,
1317 2146 1566 2195 incolamus;
1599 2147 1653 2188 ad

267 2215 417 2255 coelum
454 2223 494 2255 et
529 2214 710 2255 coelestia
745 2214 995 2270 aspiremus;
1036 2213 1108 2254 ubi
1138 2213 1247 2254 beati
1282 2230 1371 2255 aevo
1407 2214 1653 2271 sempiterno

266 2281 464 2322 fruemur.

326 2350 391 2390 M.
425 2350 532 2390 Cum
564 2349 711 2406 impios
741 2350 973 2391 conditione
1005 2365 1028 2389 a
1058 2349 1135 2405 piis
1165 2349 1399 2406 longissime
1430 2350 1652 2398 mdiversa,

267 2415 319 2456 ad
359 2416 559 2458 miseriam
599 2427 795 2459 aeternam
831 2417 1032 2467 videlicet,
1068 2417 1440 2474 sempiternamque
1480 2426 1653 2459 mortem

310 2552 322 2572 f
338 2565 349 2584 1
367 2555 441 2585 Cor.
460 2566 511 2586 xv.
531 2566 582 2593 14,
603 2564 653 2596 17,
675 2557 726 2593 18,
748 2566 795 2596 19·
894 2562 908 2582 ⁸
932 2556 1011 2585 Luc.
1027 2556 1092 2585 xvi.
1112 2565 1161 2586 22.
1186 2555 1278 2586 xxiii.
1292 2565 1344 2595 43.
1434 2556 1448 2576 ¹¹
1473 2556 1567 2586 Rom.
1583 2555 1652 2585 viii.

270 2615 319 2636 11.
354 2616 365 2636 1
387 2607 461 2637 Cor.
480 2618 531 2638 xv.
547 2617 601 2645 42,
619 2617 674 2646 43,
690 2617 744 2646 44,
763 2617 816 2648 53,
834 2617 886 2648 54.
921 2609 1002 2639 Phil.
1027 2609 1072 2639 iii.
1092 2618 1143 2639 21.
1179 2619 1191 2640 1
1211 2610 1307 2640 Thes.
1324 2611 1366 2639 iv.
1386 2620 1436 2648 13,
1457 2618 1506 2647 14,
1528 2617 1578 2648 15,
1599 2609 1650 2647 16,

270 2666 318 2698 17.
440 2659 446 2679 ἱ
469 2662 563 2691 Joan.
580 2662 622 2691 xi.
640 2670 689 2701 25.
718 2672 729 2692 1
750 2663 823 2693 Cor.
840 2672 891 2693 xv.
909 2663 960 2702 58.
988 2673 999 2692 1
1017 2662 1112 2692 Thes.
1129 2663 1170 2693 iv.
1187 2672 1237 2701 13,
1256 2672 1304 2700 14,
1323 2663 1370 2693 18.
1396 2665 1495 2702 Apoc.
1512 2663 1580 2692 xiii.
1600 2662 1651 2693 18.

265 2714 279 2734 ¹¹
301 2724 312 2744 1
331 2715 404 2745 Cor.
421 2715 465 2745 iii.
484 2725 513 2751 1,
531 2725 558 2745 2.
584 2717 699 2756 Ephes.
717 2717 747 2747 ii.
764 2726 812 2756 19.
884 2715 891 2736 ¹
910 2717 993 2747 Heb.
1012 2716 1079 2747 xiii.
1099 2724 1148 2754 13,
1166 2724 1214 2754 14.
1242 2726 1253 2746 1
1270 2718 1334 2747 Pet.
1350 2716 1384 2746 ii.
1405 2726 1450 2745 11.
1527 2722 1548 2734 '¹¹
1566 2716 1648 2747 Mat.

266 2777 341 2798 xxv.
360 2776 414 2806 34,
433 2777 486 2805 41,
505 2767 554 2805 46.
