1799 3077
480 124 521 164 Ν
526 122 712 165 OELLI
746 121 1201 164 CATECHISMUS.
1452 128 1535 171 273

204 237 267 277 Μ.
301 238 511 287 Quorsum
532 236 611 277 hoc
630 244 755 292 caput
774 235 815 276 in
840 235 1085 292 Symbolum
1106 235 1329 277 inseritur?

201 307 259 345 A.
293 304 400 355 Quia
420 304 497 345 nisi
518 303 704 345 Ecclesia
724 313 841 354 esset,
865 304 949 345 sine
970 319 1093 345 causa
1113 313 1202 345 tum
1226 304 1416 346 Christus
1436 306 1535 347 fuis-

143 381 204 413 set
233 381 436 422 mortuus,
460 381 549 412 tum
571 386 632 421 ea,
655 387 750 427 quae
781 387 913 427 usque
941 371 1077 412 adhuc
1108 370 1235 413 relata
1266 380 1376 422 sunt,
1398 373 1534 414 omnia

140 441 297 481 frustra
316 448 465 490 essent,
488 450 613 495 atque
634 439 686 480 ad
707 439 878 480 nihilum
903 439 1139 481 reciderent.

199 509 262 548 M.
296 506 407 557 Quid
429 506 515 547 ita?

197 576 252 615 A.
287 574 395 625 Quia
416 575 614 616 hactenus
635 575 776 617 salutis
792 591 934 617 causas
952 576 1231 627 tractavimus,
1249 576 1421 632 ejusque
1437 576 1531 617 fun·-

138 643 332 684 damenta
351 643 617 700 contemplati
639 660 795 694 sumus,
819 644 1029 700 quomodo
1050 644 1253 695 videlicet,
1273 644 1530 686 Christiane-

133 711 218 755 rito
238 727 312 752 nos
332 720 441 752 amet
462 713 593 763 Deus,
615 712 842 768 charosque
862 712 1036 760 habeat3
1064 712 1274 769 quomodo
1293 712 1405 762 item,
1424 712 1528 753 hanc

137 779 218 821 Dei
237 780 428 835 gratiam,
450 780 492 819 in
513 795 638 835 quam
667 795 809 821 sumus
830 780 1021 830 restituti,
1047 780 1225 836 Spiritus
1255 780 1382 822 sancti
1403 796 1528 837 opera

135 846 394 887 retineamus.
456 849 519 888 At
541 847 688 888 horum
710 847 776 888 hic
797 863 905 888 unus
925 848 1095 889 effectus
1115 858 1189 899 est,
1213 857 1260 889 ut
1281 848 1331 890 sit
1352 857 1371 886 P
1385 848 1528 889 Eccle-

132 914 206 965 sia,
228 915 270 955 id
292 925 366 966 est,
387 924 518 956 coetus
547 915 711 972 piorum
742 915 854 971 apud
876 931 981 971 quos
1010 916 1098 957 haec
1119 916 1201 957 Dei
1230 916 1427 958 beneficia
1446 917 1527 958 col-

132 983 343 1031 locentur;
379 992 426 1024 ut
457 983 508 1024 sit
529 983 686 1024 Civitas
715 993 755 1024 et
787 983 974 1039 Respub.
997 983 1191 1039 quaedam
1221 984 1356 1034 beata,
1378 983 1420 1025 in
1441 1000 1526 1040 qua

133 1059 273 1092 nostra
293 1051 430 1092 omnia
449 1066 602 1107 ponere
617 1059 658 1092 et
679 1050 797 1107 quasi
817 1066 1066 1102 consecrare,
1085 1061 1125 1092 et
1145 1050 1211 1092 cui
1232 1066 1306 1092 nos
1327 1060 1435 1094 totos
1454 1052 1524 1093 de-

131 1119 229 1160 dere
249 1119 487 1170 debeamus,
505 1129 546 1160 et
565 1135 641 1176 pro
661 1135 745 1175 qua
765 1118 868 1160 mori
890 1134 971 1160 non
993 1119 1243 1160 dubitemus.

190 1189 253 1228 M.
286 1188 510 1229 Ecclesiam
533 1188 640 1228 hanc
659 1203 733 1228 cur
756 1189 946 1228 Sanctam
967 1187 1149 1244 appellas
1162 1190 1183 1227 Ρ

188 1257 244 1296 A.
279 1257 340 1297 Ut
370 1255 446 1297 hac
473 1256 638 1297 notione
659 1256 712 1297 ab
732 1255 953 1311 impiorum
975 1264 993 1294 q
1008 1255 1164 1296 nefario
1184 1263 1295 1296 coetu
1315 1255 1518 1296 discerna-

129 1333 213 1364 tur.
266 1326 545 1381 Quoscunque
566 1324 673 1365 enim
696 1325 814 1365 Deus
834 1323 973 1380 elegit,
992 1324 1035 1365 in
1058 1323 1151 1365 vitae
1171 1339 1239 1364 eos
1260 1323 1515 1365 sanctitatem

127 1401 253 1448 atque
274 1392 546 1433 innocentiam
567 1392 759 1433 restituit.

186 1461 249 1500 M.
282 1462 413 1502 Estne
443 1460 546 1511 haec,
569 1475 694 1516 quam
717 1459 913 1501 Ecclesiae
934 1459 1095 1510 tribuis,
1118 1459 1384 1500 sanctimonia
1412 1458 1514 1500 inte-

125 1541 199 1581 gra
214 1527 316 1582 jam,
334 1536 459 1583 atque
480 1527 591 1569 omni
611 1543 662 1568 ex
683 1536 800 1583 parte
820 1527 1031 1583 perfecta?

183 1594 239 1633 A.
273 1594 486 1634 Nondum.
519 1594 668 1645 Quoad
689 1594 797 1635 enim
818 1594 1029 1635 mortalem
1052 1593 1093 1634 in
1114 1594 1192 1635 hoc
1212 1592 1370 1634 mundo
1385 1591 1511 1633 vitam

124 1660 298 1716 agimus,
321 1678 416 1717 quae
437 1670 497 1703 est
523 1661 778 1703 imbecillitas
800 1662 1106 1718 rfragilitasque
1135 1660 1306 1702 humani
1335 1659 1509 1716 generis,

123 1728 294 1770 infirmis
321 1730 477 1771 viribus
508 1745 650 1770 sumus
679 1730 733 1771 ad
763 1730 900 1771 omnia
928 1730 1095 1770 omnino
1124 1729 1224 1770 vitia
1253 1727 1507 1770 declinanda.

123 1797 202 1837 Est
223 1812 321 1853 ergo
342 1797 537 1838 Ecclesiae
559 1797 749 1838 sanctitas
770 1797 955 1838 nondum
975 1797 1144 1853 quidem
1165 1796 1329 1853 expleta
1350 1804 1391 1837 et
1418 1811 1508 1851 per-

121 1865 227 1906 fecte
265 1865 466 1916 absoluta,
507 1865 701 1922 praeclare
740 1865 931 1906 inchoata
965 1874 1112 1906 tamen.
1184 1865 1341 1906 Verum
1376 1879 1508 1920 quum

123 1932 304 1984 Christo,
326 1949 350 1974 a
370 1949 455 1990 quo
480 1933 538 1974 illi
559 1933 690 1974 omnis
720 1933 876 1974 accedit
895 1942 908 1961 s
923 1932 1157 1982 mundities,
1179 1941 1304 1988 atque
1332 1931 1505 1987 puritas,

120 2000 240 2056 plene
260 2002 479 2057 conjuncta
499 2001 637 2052 fuerit,
661 2011 751 2043 tum
772 2001 939 2042 demum
964 2000 1237 2042 innocentiam
1257 2010 1298 2041 et
1319 2000 1506 2041 sanctita-

121 2079 202 2110 tem
224 2070 414 2111 omnibus
434 2070 517 2111 suis
538 2071 726 2126 partibus
746 2070 965 2126 expletam,
988 2078 1029 2110 et
1049 2069 1228 2126 perfecte
1258 2068 1502 2119 absolutam,

121 2146 167 2178 ut
188 2147 341 2178 vestem
362 2138 571 2193 quandam
593 2138 752 2179 niveam
774 2137 1132 2194 purissimamque,
1155 2136 1362 2177 induetur.

178 2206 241 2245 M.
275 2207 483 2255 Quorsum
510 2206 676 2247 tandem
699 2204 924 2247 Ecclesiam
955 2204 1061 2245 hanc
1090 2203 1345 2246 Catholicam
1375 2202 1505 2244 nomi-

118 2288 190 2313 nas
204 2275 220 2313 ?

176 2342 231 2381 A.
266 2340 443 2382 Perinde
464 2350 539 2392 est,
561 2357 607 2382 ac
628 2341 659 2382 si
681 2340 950 2382 universalem
971 2340 1172 2387 dicerem;
1205 2355 1287 2380 non
1313 2349 1373 2380 est
1393 2339 1501 2380 enim

117 2408 184 2450 hic
212 2418 357 2460 coetus,
379 2409 679 2466 conciliumque
709 2409 888 2466 piorum,
917 2417 1028 2450 certo
1058 2408 1254 2464 quopiam
1285 2423 1368 2449 uno
1397 2407 1499 2457 loco,

161 2555 176 2575 Ρ
200 2549 281 2579 Mat.
298 2549 362 2579 xvi.
384 2549 432 2579 18.
465 2549 536 2580 Act.
559 2560 613 2580 xx.
639 2550 688 2581 28.
731 2559 743 2579 1
766 2550 840 2580 Cor.
857 2548 913 2579 xii.
936 2558 985 2586 12,
1004 2550 1062 2579 ἃς.
1093 2549 1158 2579 xiv.
1180 2558 1227 2579 12.
1263 2557 1279 2578 2
1298 2548 1371 2578 Cor.
1390 2548 1433 2578 xi.
1453 2547 1502 2578 28.

119 2602 200 2642 Eph.
217 2602 264 2633 iii.
286 2613 336 2639 10,
356 2613 407 2639 11,
427 2612 476 2633 21.
501 2615 529 2634 v.
549 2611 599 2644 25.
628 2614 638 2633 1
660 2604 747 2633 Tim.
764 2603 809 2632 iii.
831 2611 879 2643 15.
998 2610 1011 2629 ‘³
1038 2604 1131 2633 Rom.
1149 2602 1217 2632 viii.
1236 2611 1286 2642 29.
1314 2612 1325 2631 1
1347 2603 1419 2632 Cor.
1437 2602 1501 2632 xiv.

116 2663 170 2694 33.
194 2656 274 2695 Eph.
292 2655 313 2685 i.
329 2664 362 2693 4,
380 2664 411 2696 5,
434 2666 481 2686 11.
607 2663 617 2676 Γ
641 2657 733 2686 Rom.
750 2656 815 2686 viii.
832 2656 883 2686 26.
910 2666 921 2685 1
943 2657 1015 2686 Cor.
1036 2656 1105 2686 xiii.
1123 2665 1156 2695 9,
1179 2665 1229 2693 11,
1247 2665 1295 2685 12.
1321 2665 1337 2686 2
1353 2656 1426 2686 Cor.
1444 2656 1500 2685 xii.

118 2717 194 2749 5‚9.
346 2716 356 2729 Ξ
384 2720 393 2740 1
419 2711 491 2742 Cor.
510 2710 578 2740 xiii.
598 2720 643 2741 10.
666 2720 719 2740 xv.
736 2718 787 2748 53.
822 2710 904 2750 Eph.
921 2721 950 2740 v.
971 2709 1021 2740 26.
1058 2711 1156 2749 Apoc.
1174 2710 1239 2740 xix.
1252 2709 1284 2741 8.
1314 2710 1380 2739 xxi.
1398 2719 1428 2746 2,
1450 2719 1499 2747 10,

121 2763 178 2792 &a
198 2770 247 2801 ²7·

179 2829 272 2855 VOL.
299 2830 328 2856 Ι.
821 2831 845 2856 Τ
