<?xml version="1.0" encoding="UTF-8"?>
<!DOCTYPE html PUBLIC "-//W3C//DTD XHTML 1.0 Transitional//EN"
    "http://www.w3.org/TR/xhtml1/DTD/xhtml1-transitional.dtd">
<html xmlns="http://www.w3.org/1999/xhtml" xml:lang="en" lang="en">
 <head>
  <title>
</title>
<meta http-equiv="Content-Type" content="text/html;charset=utf-8" />
  <meta name='ocr-system' content='tesseract 3.04.00' />
  <meta name='ocr-capabilities' content='ocr_page ocr_carea ocr_par ocr_line ocrx_word'/>
</head>
<body>
  <div class='ocr_page' id='page_1' title='image "./enchiridiontheol01rand_0341.png"; bbox 0 0 1799 3077; ppageno 0'>
   <div class='ocr_carea' id='block_1_1' title="bbox 470 102 1531 174">
    <p class='ocr_par' dir='ltr' id='par_1_1' title="bbox 470 102 1531 174">
     <span class='ocr_line' id='line_1_1' title="bbox 470 102 1531 174; baseline 0.006 -7"><span class='ocrx_word' id='word_1_1' title='bbox 470 104 706 168; x_wconf 76' lang='lat' dir='ltr'>NOELLI</span> <span class='ocrx_word' id='word_1_2' title='bbox 742 102 1206 169; x_wconf 71' lang='lat' dir='ltr'>CATECHI&#39;sMUs.</span> <span class='ocrx_word' id='word_1_3' title='bbox 1446 133 1531 174; x_wconf 63' lang='lat'>3527</span> 
     </span>
    </p>
   </div>
   <div class='ocr_carea' id='block_1_2' title="bbox 122 240 1527 2622">
    <p class='ocr_par' dir='ltr' id='par_1_2' title="bbox 122 240 1527 708">
     <span class='ocr_line' id='line_1_2' title="bbox 138 240 1526 298; baseline 0.004 -19"><span class='ocrx_word' id='word_1_4' title='bbox 138 247 258 289; x_wconf 89' lang='lat' dir='ltr'>store,</span> <span class='ocrx_word' id='word_1_5' title='bbox 290 240 321 280; x_wconf 86' lang='lat' dir='ltr'>si</span> <span class='ocrx_word' id='word_1_6' title='bbox 350 256 456 297; x_wconf 88' lang='lat' dir='ltr'>quos</span> <span class='ocrx_word' id='word_1_7' title='bbox 486 257 570 282; x_wconf 86' lang='lat' dir='ltr'>esse</span> <span class='ocrx_word' id='word_1_8' title='bbox 600 251 892 298; x_wconf 83' lang='lat' dir='ltr'>cognoverant,</span> <span class='ocrx_word' id='word_1_9' title='bbox 914 241 986 297; x_wconf 92' lang='lat' dir='ltr'>qui</span> <span class='ocrx_word' id='word_1_10' title='bbox 1016 241 1079 282; x_wconf 90' lang='lat' dir='ltr'>vel</span> <span class='ocrx_word' id='word_1_11' title='bbox 1110 241 1372 298; x_wconf 81' lang='lat' dir='ltr'>opinionibus</span> <span class='ocrx_word' id='word_1_12' title='bbox 1401 244 1526 294; x_wconf 87' lang='lat' dir='ltr'>falsis,</span> 
     </span>
     <span class='ocr_line' id='line_1_3' title="bbox 137 307 1526 365; baseline 0.002 -17"><span class='ocrx_word' id='word_1_13' title='bbox 137 307 201 348; x_wconf 83' lang='lat' dir='ltr'>vel</span> <span class='ocrx_word' id='word_1_14' title='bbox 233 308 482 350; x_wconf 90' lang='lat' dir='ltr'>turbulentis</span> <span class='ocrx_word' id='word_1_15' title='bbox 512 309 733 360; x_wconf 88' lang='lat' dir='ltr'>erroribus,</span> <span class='ocrx_word' id='word_1_16' title='bbox 763 309 825 350; x_wconf 92' lang='lat' dir='ltr'>vel</span> <span class='ocrx_word' id='word_1_17' title='bbox 856 309 1032 351; x_wconf 82' lang='lat' dir='ltr'>anilibus</span> <span class='ocrx_word' id='word_1_18' title='bbox 1063 309 1436 365; x_wconf 81' lang='lat' dir='ltr'>superstitionibus,</span> <span class='ocrx_word' id='word_1_19' title='bbox 1463 314 1526 353; x_wconf 84' lang='lat' dir='ltr'>vel</span> 
     </span>
     <span class='ocr_line' id='line_1_4' title="bbox 122 375 1527 434; baseline 0.002 -18"><span class='ocrx_word' id='word_1_20' title='bbox 122 375 222 416; x_wconf 88' lang='lat' dir='ltr'>-vita</span> <span class='ocrx_word' id='word_1_21' title='bbox 247 376 392 418; x_wconf 89' lang='lat' dir='ltr'>vitiosa</span> <span class='ocrx_word' id='word_1_22' title='bbox 420 377 705 433; x_wconf 86' lang='lat' dir='ltr'>flagitiosaque</span> <span class='ocrx_word' id='word_1_23' title='bbox 734 392 927 434; x_wconf 89' lang='lat' dir='ltr'>magnam</span> <span class='ocrx_word' id='word_1_24' title='bbox 958 377 1123 434; x_wconf 88' lang='lat' dir='ltr'>publice</span> <span class='ocrx_word' id='word_1_25' title='bbox 1153 378 1418 419; x_wconf 87' lang='lat' dir='ltr'>offensionem</span> <span class='ocrx_word' id='word_1_26' title='bbox 1447 381 1527 421; x_wconf 73' lang='lat' dir='ltr'>Ec-</span> 
     </span>
     <span class='ocr_line' id='line_1_5' title="bbox 136 443 1525 503; baseline 0.003 -18"><span class='ocrx_word' id='word_1_27' title='bbox 136 443 267 486; x_wconf 84' lang='lat' dir='ltr'>clesiae</span> <span class='ocrx_word' id='word_1_28' title='bbox 287 445 366 486; x_wconf 90' lang='lat' dir='ltr'>Dei</span> <span class='ocrx_word' id='word_1_29' title='bbox 387 445 610 497; x_wconf 80' lang='lat' dir='ltr'>adferrent,</span> <span class='ocrx_word' id='word_1_30' title='bbox 634 446 790 502; x_wconf 90' lang='lat' dir='ltr'>quique</span> <span class='ocrx_word' id='word_1_31' title='bbox 811 446 896 487; x_wconf 88' lang='lat' dir='ltr'>sine</span> <span class='ocrx_word' id='word_1_32' title='bbox 918 448 1060 488; x_wconf 86' lang='lat' dir='ltr'>Coenae</span> <span class='ocrx_word' id='word_1_33' title='bbox 1081 446 1312 488; x_wconf 85' lang='lat' dir='ltr'>Dominicae</span> <span class='ocrx_word' id='word_1_34' title='bbox 1336 448 1525 503; x_wconf 88' lang='lat' dir='ltr'>profana-</span> 
     </span>
     <span class='ocr_line' id='line_1_6' title="bbox 137 512 1523 572; baseline 0.002 -18"><span class='ocrx_word' id='word_1_35' title='bbox 137 512 246 554; x_wconf 87' lang='lat' dir='ltr'>tione</span> <span class='ocrx_word' id='word_1_36' title='bbox 273 514 464 555; x_wconf 85' lang='lat' dir='ltr'>accedere</span> <span class='ocrx_word' id='word_1_37' title='bbox 493 530 576 556; x_wconf 93' lang='lat' dir='ltr'>non</span> <span class='ocrx_word' id='word_1_38' title='bbox 602 525 782 571; x_wconf 81' lang='lat' dir='ltr'>possent,</span> <span class='ocrx_word' id='word_1_39' title='bbox 810 531 878 556; x_wconf 90' lang='lat' dir='ltr'>eos</span> <span class='ocrx_word' id='word_1_40' title='bbox 899 531 923 556; x_wconf 92' lang='lat' dir='ltr'>a</span> <span class='ocrx_word' id='word_1_41' title='bbox 942 515 1230 556; x_wconf 84' lang='lat' dir='ltr'>communione</span> <span class='ocrx_word' id='word_1_42' title='bbox 1257 516 1523 572; x_wconf 82' lang='lat' dir='ltr'>repellebant,</span> 
     </span>
     <span class='ocr_line' id='line_1_7' title="bbox 134 583 1525 641; baseline 0.003 -18"><span class='ocrx_word' id='word_1_43' title='bbox 134 592 260 637; x_wconf 79' lang='lat' dir='ltr'>atque</span> <span class='ocrx_word' id='word_1_44' title='bbox 290 583 539 640; x_wconf 83' lang='lat' dir='ltr'>rejiciebant,</span> <span class='ocrx_word' id='word_1_45' title='bbox 566 600 700 641; x_wconf 91' lang='lat' dir='ltr'>neque</span> <span class='ocrx_word' id='word_1_46' title='bbox 730 600 895 625; x_wconf 89' lang='lat' dir='ltr'>rursum</span> <span class='ocrx_word' id='word_1_47' title='bbox 925 584 1213 635; x_wconf 84' lang='lat' dir='ltr'>admittebant,</span> <span class='ocrx_word' id='word_1_48' title='bbox 1235 584 1364 626; x_wconf 89' lang='lat' dir='ltr'>donec</span> <span class='ocrx_word' id='word_1_49' title='bbox 1388 586 1525 627; x_wconf 88' lang='lat' dir='ltr'>Poeni-</span> 
     </span>
     <span class='ocr_line' id='line_1_8' title="bbox 135 651 984 708; baseline 0.002 -17"><span class='ocrx_word' id='word_1_50' title='bbox 135 651 262 692; x_wconf 89' lang='lat' dir='ltr'>tentia</span> <span class='ocrx_word' id='word_1_51' title='bbox 280 652 447 708; x_wconf 89' lang='lat' dir='ltr'>publica</span> <span class='ocrx_word' id='word_1_52' title='bbox 467 653 664 694; x_wconf 77' lang='lat' dir='ltr'>Ecclesiae</span> <span class='ocrx_word' id='word_1_53' title='bbox 686 652 984 694; x_wconf 84' lang='lat' dir='ltr'>satisfecissent.</span> 
     </span>
    </p>

    <p class='ocr_par' dir='ltr' id='par_1_3' title="bbox 194 720 1319 777">
     <span class='ocr_line' id='line_1_9' title="bbox 194 720 1319 777; baseline 0.003 -17"><span class='ocrx_word' id='word_1_54' title='bbox 194 721 257 760; x_wconf 91' lang='lat' dir='ltr'>M.</span> <span class='ocrx_word' id='word_1_55' title='bbox 291 721 393 771; x_wconf 78' lang='lat' dir='ltr'>Quis</span> <span class='ocrx_word' id='word_1_56' title='bbox 414 721 535 762; x_wconf 87' lang='lat' dir='ltr'>debet</span> <span class='ocrx_word' id='word_1_57' title='bbox 555 737 640 762; x_wconf 89' lang='lat' dir='ltr'>esse</span> <span class='ocrx_word' id='word_1_58' title='bbox 662 720 923 762; x_wconf 84' lang='lat' dir='ltr'>Poenitentiae</span> <span class='ocrx_word' id='word_1_59' title='bbox 943 721 1121 777; x_wconf 80' lang='lat' dir='ltr'>publicae</span> <span class='ocrx_word' id='word_1_60' title='bbox 1143 722 1319 763; x_wconf 83' lang='lat' dir='ltr'>modus?</span> 
     </span>
    </p>

    <p class='ocr_par' dir='ltr' id='par_1_4' title="bbox 130 788 1520 1599">
     <span class='ocr_line' id='line_1_10' title="bbox 192 788 1520 845; baseline 0.002 -16"><span class='ocrx_word' id='word_1_61' title='bbox 192 791 246 829; x_wconf 91' lang='lat' dir='ltr'>A.</span> <span class='ocrx_word' id='word_1_62' title='bbox 281 789 362 839; x_wconf 81' lang='lat' dir='ltr'>Qui</span> <span class='ocrx_word' id='word_1_63' title='bbox 392 789 588 830; x_wconf 87' lang='lat' dir='ltr'>falsarum</span> <span class='ocrx_word' id='word_1_64' title='bbox 618 788 858 845; x_wconf 87' lang='lat' dir='ltr'>opinionum</span> <span class='ocrx_word' id='word_1_65' title='bbox 890 789 1142 839; x_wconf 88' lang='lat' dir='ltr'>commentis,</span> <span class='ocrx_word' id='word_1_66' title='bbox 1166 790 1360 845; x_wconf 86' lang='lat' dir='ltr'>pietatem</span> <span class='ocrx_word' id='word_1_67' title='bbox 1383 807 1520 832; x_wconf 89' lang='lat' dir='ltr'>veram</span> 
     </span>
     <span class='ocr_line' id='line_1_11' title="bbox 133 856 1520 913; baseline 0.004 -17"><span class='ocrx_word' id='word_1_68' title='bbox 133 856 321 907; x_wconf 86' lang='lat' dir='ltr'>⁰laedere,</span> <span class='ocrx_word' id='word_1_69' title='bbox 344 865 385 898; x_wconf 88' lang='lat' dir='ltr'>et</span> <span class='ocrx_word' id='word_1_70' title='bbox 406 856 664 913; x_wconf 88' lang='lat' dir='ltr'>Religionem</span> <span class='ocrx_word' id='word_1_71' title='bbox 686 856 931 898; x_wconf 82' lang='lat' dir='ltr'>labefactare</span> <span class='ocrx_word' id='word_1_72' title='bbox 952 866 1177 905; x_wconf 90' lang='lat' dir='ltr'>conantur;</span> <span class='ocrx_word' id='word_1_73' title='bbox 1202 868 1275 899; x_wconf 89' lang='lat' dir='ltr'>aut</span> <span class='ocrx_word' id='word_1_74' title='bbox 1297 858 1441 900; x_wconf 90' lang='lat' dir='ltr'>vitiosa</span> <span class='ocrx_word' id='word_1_75' title='bbox 1461 869 1520 901; x_wconf 90' lang='lat' dir='ltr'>at-</span> 
     </span>
     <span class='ocr_line' id='line_1_12' title="bbox 133 924 1518 981; baseline 0.003 -16"><span class='ocrx_word' id='word_1_76' title='bbox 133 940 214 980; x_wconf 92' lang='lat' dir='ltr'>que</span> <span class='ocrx_word' id='word_1_77' title='bbox 234 924 435 981; x_wconf 89' lang='lat' dir='ltr'>flagitiosa</span> <span class='ocrx_word' id='word_1_78' title='bbox 451 924 534 966; x_wconf 89' lang='lat' dir='ltr'>vita</span> <span class='ocrx_word' id='word_1_79' title='bbox 554 941 699 981; x_wconf 87' lang='lat' dir='ltr'>graves</span> <span class='ocrx_word' id='word_1_80' title='bbox 718 935 758 966; x_wconf 88' lang='lat' dir='ltr'>et</span> <span class='ocrx_word' id='word_1_81' title='bbox 778 924 964 981; x_wconf 85' lang='lat' dir='ltr'>publicas</span> <span class='ocrx_word' id='word_1_82' title='bbox 984 925 1226 966; x_wconf 86' lang='lat' dir='ltr'>offensiones</span> <span class='ocrx_word' id='word_1_83' title='bbox 1246 927 1518 978; x_wconf 87' lang='lat' dir='ltr'>concitarunt,</span> 
     </span>
     <span class='ocr_line' id='line_1_13' title="bbox 133 993 1520 1051; baseline 0.003 -18"><span class='ocrx_word' id='word_1_84' title='bbox 133 1009 201 1033; x_wconf 87' lang='lat' dir='ltr'>eos</span> <span class='ocrx_word' id='word_1_85' title='bbox 221 1009 388 1049; x_wconf 83' lang='lat' dir='ltr'>aequum</span> <span class='ocrx_word' id='word_1_86' title='bbox 409 1003 484 1044; x_wconf 87' lang='lat' dir='ltr'>est,</span> <span class='ocrx_word' id='word_1_87' title='bbox 507 993 716 1044; x_wconf 83' lang='lat' dir='ltr'>Ecclesiae,</span> <span class='ocrx_word' id='word_1_88' title='bbox 738 993 804 1034; x_wconf 87' lang='lat' dir='ltr'>cui</span> <span class='ocrx_word' id='word_1_89' title='bbox 825 994 882 1034; x_wconf 88' lang='lat' dir='ltr'>ita</span> <span class='ocrx_word' id='word_1_90' title='bbox 908 993 1017 1035; x_wconf 86' lang='lat' dir='ltr'>facta</span> <span class='ocrx_word' id='word_1_91' title='bbox 1037 1003 1097 1034; x_wconf 86' lang='lat' dir='ltr'>est</span> <span class='ocrx_word' id='word_1_92' title='bbox 1117 994 1299 1044; x_wconf 84' lang='lat' dir='ltr'>offensio,</span> <span class='ocrx_word' id='word_1_93' title='bbox 1324 1004 1342 1033; x_wconf 81' lang='grc' dir='ltr'>Ρ</span> <span class='ocrx_word' id='word_1_94' title='bbox 1356 996 1520 1051; x_wconf 87' lang='lat' dir='ltr'>publice</span> 
     </span>
     <span class='ocr_line' id='line_1_14' title="bbox 134 1061 1519 1119; baseline 0.001 -17"><span class='ocrx_word' id='word_1_95' title='bbox 134 1061 376 1113; x_wconf 83' lang='lat' dir='ltr'>satisfacere,</span> <span class='ocrx_word' id='word_1_96' title='bbox 398 1062 440 1102; x_wconf 89' lang='lat' dir='ltr'>id</span> <span class='ocrx_word' id='word_1_97' title='bbox 462 1072 535 1111; x_wconf 91' lang='lat' dir='ltr'>est,</span> <span class='ocrx_word' id='word_1_98' title='bbox 559 1077 679 1103; x_wconf 89' lang='lat' dir='ltr'>suum</span> <span class='ocrx_word' id='word_1_99' title='bbox 701 1077 837 1103; x_wconf 88' lang='lat' dir='ltr'>coram</span> <span class='ocrx_word' id='word_1_100' title='bbox 860 1071 946 1103; x_wconf 93' lang='lat' dir='ltr'>tota</span> <span class='ocrx_word' id='word_1_101' title='bbox 966 1063 1283 1118; x_wconf 85' lang='lat' dir='ltr'>congregatione</span> <span class='ocrx_word' id='word_1_102' title='bbox 1303 1073 1519 1119; x_wconf 86' lang='lat' dir='ltr'>peccatum</span> 
     </span>
     <span class='ocr_line' id='line_1_15' title="bbox 132 1129 1519 1186; baseline 0.001 -15"><span class='ocrx_word' id='word_1_103' title='bbox 132 1129 310 1186; x_wconf 86' lang='lat' dir='ltr'>ingenue</span> <span class='ocrx_word' id='word_1_104' title='bbox 330 1146 549 1186; x_wconf 85' lang='lat' dir='ltr'>agnoscere</span> <span class='ocrx_word' id='word_1_105' title='bbox 570 1140 610 1171; x_wconf 90' lang='lat' dir='ltr'>et</span> <span class='ocrx_word' id='word_1_106' title='bbox 631 1131 828 1180; x_wconf 87' lang='lat' dir='ltr'>confiteri,</span> <span class='ocrx_word' id='word_1_107' title='bbox 851 1130 1070 1186; x_wconf 87' lang='lat' dir='ltr'>palamque</span> <span class='ocrx_word' id='word_1_108' title='bbox 1091 1131 1243 1181; x_wconf 85' lang='lat' dir='ltr'>testari,</span> <span class='ocrx_word' id='word_1_109' title='bbox 1268 1132 1343 1173; x_wconf 89' lang='lat' dir='ltr'>sibi</span> <span class='ocrx_word' id='word_1_110' title='bbox 1363 1148 1413 1172; x_wconf 83' lang='lat' dir='ltr'>ex</span> <span class='ocrx_word' id='word_1_111' title='bbox 1434 1133 1519 1173; x_wconf 89' lang='lat' dir='ltr'>ani-</span> 
     </span>
     <span class='ocr_line' id='line_1_16' title="bbox 133 1199 1514 1255; baseline 0.002 -16"><span class='ocrx_word' id='word_1_112' title='bbox 133 1214 200 1239; x_wconf 91' lang='lat' dir='ltr'>mo</span> <span class='ocrx_word' id='word_1_113' title='bbox 220 1199 371 1249; x_wconf 89' lang='lat' dir='ltr'>dolere,</span> <span class='ocrx_word' id='word_1_114' title='bbox 394 1199 508 1255; x_wconf 85' lang='lat' dir='ltr'>quod</span> <span class='ocrx_word' id='word_1_115' title='bbox 529 1201 666 1240; x_wconf 88' lang='lat' dir='ltr'>Deum</span> <span class='ocrx_word' id='word_1_116' title='bbox 691 1201 787 1255; x_wconf 88' lang='lat' dir='ltr'>Opt.</span> <span class='ocrx_word' id='word_1_117' title='bbox 808 1200 925 1240; x_wconf 86' lang='lat' dir='ltr'>Max.</span> <span class='ocrx_word' id='word_1_118' title='bbox 945 1210 1027 1240; x_wconf 89' lang='lat' dir='ltr'>tam</span> <span class='ocrx_word' id='word_1_119' title='bbox 1049 1199 1230 1255; x_wconf 85' lang='lat' dir='ltr'>graviter</span> <span class='ocrx_word' id='word_1_120' title='bbox 1249 1201 1514 1247; x_wconf 68' lang='lat' dir='ltr'>ostenderint3</span> 
     </span>
     <span class='ocr_line' id='line_1_17' title="bbox 133 1268 1516 1325; baseline 0.002 -17"><span class='ocrx_word' id='word_1_121' title='bbox 133 1268 390 1325; x_wconf 85' lang='lat' dir='ltr'>Religionem</span> <span class='ocrx_word' id='word_1_122' title='bbox 415 1268 704 1318; x_wconf 82' lang='lat' dir='ltr'>Christianam,</span> <span class='ocrx_word' id='word_1_123' title='bbox 726 1284 850 1324; x_wconf 85' lang='lat' dir='ltr'>quam</span> <span class='ocrx_word' id='word_1_124' title='bbox 873 1278 969 1308; x_wconf 86' lang='lat' dir='ltr'>sunt</span> <span class='ocrx_word' id='word_1_125' title='bbox 989 1268 1185 1324; x_wconf 82' lang='lat' dir='ltr'>professi3</span> <span class='ocrx_word' id='word_1_126' title='bbox 1212 1269 1453 1320; x_wconf 87' lang='lat' dir='ltr'>Ecclesiam,</span> <span class='ocrx_word' id='word_1_127' title='bbox 1476 1270 1516 1311; x_wconf 88' lang='lat' dir='ltr'>iu</span> 
     </span>
     <span class='ocr_line' id='line_1_18' title="bbox 131 1336 1519 1394; baseline 0.001 -16"><span class='ocrx_word' id='word_1_128' title='bbox 131 1353 214 1393; x_wconf 89' lang='lat' dir='ltr'>qua</span> <span class='ocrx_word' id='word_1_129' title='bbox 234 1337 516 1386; x_wconf 85' lang='lat' dir='ltr'>censebantur,</span> <span class='ocrx_word' id='word_1_130' title='bbox 534 1346 736 1393; x_wconf 89' lang='lat' dir='ltr'>quantum</span> <span class='ocrx_word' id='word_1_131' title='bbox 760 1337 800 1377; x_wconf 91' lang='lat' dir='ltr'>in</span> <span class='ocrx_word' id='word_1_132' title='bbox 822 1336 920 1393; x_wconf 89' lang='lat' dir='ltr'>ipsis</span> <span class='ocrx_word' id='word_1_133' title='bbox 936 1337 1103 1393; x_wconf 90' lang='lat' dir='ltr'>quidem</span> <span class='ocrx_word' id='word_1_134' title='bbox 1126 1337 1277 1389; x_wconf 89' lang='lat' dir='ltr'>fuerat,</span> <span class='ocrx_word' id='word_1_135' title='bbox 1295 1338 1519 1394; x_wconf 78' lang='lat' dir='ltr'>ignominia</span> 
     </span>
     <span class='ocr_line' id='line_1_19' title="bbox 130 1405 1518 1462; baseline 0.001 -16"><span class='ocrx_word' id='word_1_136' title='bbox 130 1406 362 1453; x_wconf 84' lang='lat' dir='ltr'>affecerint;</span> <span class='ocrx_word' id='word_1_137' title='bbox 396 1405 594 1462; x_wconf 89' lang='lat' dir='ltr'>quodque</span> <span class='ocrx_word' id='word_1_138' title='bbox 621 1421 702 1446; x_wconf 91' lang='lat' dir='ltr'>non</span> <span class='ocrx_word' id='word_1_139' title='bbox 729 1416 895 1461; x_wconf 87' lang='lat' dir='ltr'>peccato</span> <span class='ocrx_word' id='word_1_140' title='bbox 926 1405 1072 1455; x_wconf 84' lang='lat' dir='ltr'>solum,</span> <span class='ocrx_word' id='word_1_141' title='bbox 1103 1406 1173 1447; x_wconf 90' lang='lat' dir='ltr'>sed</span> <span class='ocrx_word' id='word_1_142' title='bbox 1203 1406 1430 1462; x_wconf 76' lang='lat' dir='ltr'>pernicioso</span> <span class='ocrx_word' id='word_1_143' title='bbox 1461 1417 1518 1448; x_wconf 80' lang='lat' dir='ltr'>et—</span> 
     </span>
     <span class='ocr_line' id='line_1_20' title="bbox 130 1473 1517 1532; baseline 0.001 -17"><span class='ocrx_word' id='word_1_144' title='bbox 130 1475 210 1515; x_wconf 91' lang='lat' dir='ltr'>iam</span> <span class='ocrx_word' id='word_1_145' title='bbox 232 1474 420 1531; x_wconf 88' lang='lat' dir='ltr'>exemplo</span> <span class='ocrx_word' id='word_1_146' title='bbox 441 1474 528 1515; x_wconf 85' lang='lat' dir='ltr'>aliis</span> <span class='ocrx_word' id='word_1_147' title='bbox 549 1474 787 1521; x_wconf 78' lang='lat' dir='ltr'>nocuerint3</span> <span class='ocrx_word' id='word_1_148' title='bbox 811 1490 835 1514; x_wconf 91' lang='lat' dir='ltr'>a</span> <span class='ocrx_word' id='word_1_149' title='bbox 856 1476 948 1515; x_wconf 92' lang='lat' dir='ltr'>Deo</span> <span class='ocrx_word' id='word_1_150' title='bbox 968 1473 1163 1530; x_wconf 86' lang='lat' dir='ltr'>primum,</span> <span class='ocrx_word' id='word_1_151' title='bbox 1185 1475 1334 1516; x_wconf 91' lang='lat' dir='ltr'>deinde</span> <span class='ocrx_word' id='word_1_152' title='bbox 1354 1476 1407 1517; x_wconf 90' lang='lat' dir='ltr'>ab</span> <span class='ocrx_word' id='word_1_153' title='bbox 1428 1477 1517 1532; x_wconf 80' lang='lat' dir='ltr'>ejus</span> 
     </span>
     <span class='ocr_line' id='line_1_21' title="bbox 132 1542 1066 1599; baseline -0.002 -15"><span class='ocrx_word' id='word_1_154' title='bbox 132 1543 316 1584; x_wconf 86' lang='lat' dir='ltr'>Ecclesia</span> <span class='ocrx_word' id='word_1_155' title='bbox 335 1542 493 1583; x_wconf 90' lang='lat' dir='ltr'>veniam</span> <span class='ocrx_word' id='word_1_156' title='bbox 518 1558 558 1583; x_wconf 89' lang='lat' dir='ltr'>se</span> <span class='ocrx_word' id='word_1_157' title='bbox 579 1551 732 1599; x_wconf 89' lang='lat' dir='ltr'>petere,</span> <span class='ocrx_word' id='word_1_158' title='bbox 754 1551 879 1598; x_wconf 88' lang='lat' dir='ltr'>atque</span> <span class='ocrx_word' id='word_1_159' title='bbox 899 1542 1066 1598; x_wconf 86' lang='lat' dir='ltr'>precari.</span> 
     </span>
    </p>

    <p class='ocr_par' dir='ltr' id='par_1_5' title="bbox 191 1610 690 1660">
     <span class='ocr_line' id='line_1_22' title="bbox 191 1610 690 1660; baseline 0 -10"><span class='ocrx_word' id='word_1_160' title='bbox 191 1611 253 1651; x_wconf 90' lang='lat' dir='ltr'>M.</span> <span class='ocrx_word' id='word_1_161' title='bbox 287 1610 397 1660; x_wconf 80' lang='lat' dir='ltr'>Quid</span> <span class='ocrx_word' id='word_1_162' title='bbox 419 1610 568 1651; x_wconf 89' lang='lat' dir='ltr'>deinde</span> <span class='ocrx_word' id='word_1_163' title='bbox 588 1611 690 1651; x_wconf 82' lang='lat' dir='ltr'>fiet?</span> 
     </span>
    </p>

    <p class='ocr_par' dir='ltr' id='par_1_6' title="bbox 123 1679 1517 2418">
     <span class='ocr_line' id='line_1_23' title="bbox 188 1679 1515 1737; baseline 0.002 -19"><span class='ocrx_word' id='word_1_164' title='bbox 188 1680 242 1719; x_wconf 93' lang='lat' dir='ltr'>A.</span> <span class='ocrx_word' id='word_1_165' title='bbox 277 1680 504 1737; x_wconf 84' lang='lat' dir='ltr'>Postremo,</span> <span class='ocrx_word' id='word_1_166' title='bbox 538 1688 584 1721; x_wconf 87' lang='lat' dir='ltr'>ut</span> <span class='ocrx_word' id='word_1_167' title='bbox 614 1680 654 1719; x_wconf 89' lang='lat' dir='ltr'>in</span> <span class='ocrx_word' id='word_1_168' title='bbox 686 1679 926 1730; x_wconf 86' lang='lat' dir='ltr'>Ecclesiam,</span> <span class='ocrx_word' id='word_1_169' title='bbox 956 1696 977 1720; x_wconf 93' lang='lat' dir='ltr'>e</span> <span class='ocrx_word' id='word_1_170' title='bbox 1004 1695 1088 1735; x_wconf 87' lang='lat' dir='ltr'>qua</span> <span class='ocrx_word' id='word_1_171' title='bbox 1118 1695 1193 1720; x_wconf 90' lang='lat' dir='ltr'>suo</span> <span class='ocrx_word' id='word_1_172' title='bbox 1223 1680 1368 1721; x_wconf 86' lang='lat' dir='ltr'>merito</span> <span class='ocrx_word' id='word_1_173' title='bbox 1398 1680 1515 1735; x_wconf 83' lang='lat' dir='ltr'>ejecti</span> 
     </span>
     <span class='ocr_line' id='line_1_24' title="bbox 131 1748 1517 1805; baseline 0.001 -17"><span class='ocrx_word' id='word_1_174' title='bbox 131 1756 240 1798; x_wconf 88' lang='lat' dir='ltr'>sunt,</span> <span class='ocrx_word' id='word_1_175' title='bbox 258 1756 298 1788; x_wconf 88' lang='lat' dir='ltr'>et</span> <span class='ocrx_word' id='word_1_176' title='bbox 319 1748 372 1788; x_wconf 92' lang='lat' dir='ltr'>ad</span> <span class='ocrx_word' id='word_1_177' title='bbox 393 1757 531 1789; x_wconf 88' lang='lat' dir='ltr'>sancta</span> <span class='ocrx_word' id='word_1_178' title='bbox 551 1748 641 1804; x_wconf 83' lang='lat' dir='ltr'>ejus</span> <span class='ocrx_word' id='word_1_179' title='bbox 661 1748 855 1805; x_wconf 90' lang='lat' dir='ltr'>mysteria</span> <span class='ocrx_word' id='word_1_180' title='bbox 875 1763 1039 1788; x_wconf 88' lang='lat' dir='ltr'>rursum</span> <span class='ocrx_word' id='word_1_181' title='bbox 1056 1748 1342 1798; x_wconf 87' lang='lat' dir='ltr'>admittantur,</span> <span class='ocrx_word' id='word_1_182' title='bbox 1362 1749 1517 1805; x_wconf 88' lang='lat' dir='ltr'>suppli-</span> 
     </span>
     <span class='ocr_line' id='line_1_25' title="bbox 129 1815 1517 1872; baseline 0.001 -17"><span class='ocrx_word' id='word_1_183' title='bbox 129 1815 230 1855; x_wconf 89' lang='lat' dir='ltr'>citer</span> <span class='ocrx_word' id='word_1_184' title='bbox 248 1815 469 1872; x_wconf 86' lang='lat' dir='ltr'>postulare,</span> <span class='ocrx_word' id='word_1_185' title='bbox 492 1826 616 1872; x_wconf 78' lang='lat' dir='ltr'>atque</span> <span class='ocrx_word' id='word_1_186' title='bbox 637 1831 753 1857; x_wconf 81' lang='lat' dir='ltr'>orare</span> <span class='ocrx_word' id='word_1_187' title='bbox 773 1816 936 1857; x_wconf 88' lang='lat' dir='ltr'>debent.</span> <span class='ocrx_word' id='word_1_188' title='bbox 990 1818 1040 1856; x_wconf 90' lang='lat' dir='ltr'>In</span> <span class='ocrx_word' id='word_1_189' title='bbox 1065 1832 1238 1866; x_wconf 86' lang='lat' dir='ltr'>summa,</span> <span class='ocrx_word' id='word_1_190' title='bbox 1259 1825 1377 1857; x_wconf 60' lang='lat' dir='ltr'>‘leam</span> <span class='ocrx_word' id='word_1_191' title='bbox 1401 1817 1517 1857; x_wconf 87' lang='lat' dir='ltr'>adhi-</span> 
     </span>
     <span class='ocr_line' id='line_1_26' title="bbox 128 1883 1516 1941; baseline 0.001 -17"><span class='ocrx_word' id='word_1_192' title='bbox 128 1883 215 1924; x_wconf 83' lang='lat' dir='ltr'>beri</span> <span class='ocrx_word' id='word_1_193' title='bbox 242 1883 283 1924; x_wconf 90' lang='lat' dir='ltr'>in</span> <span class='ocrx_word' id='word_1_194' title='bbox 307 1884 549 1940; x_wconf 82' lang='lat' dir='ltr'>poenitentia</span> <span class='ocrx_word' id='word_1_195' title='bbox 576 1884 742 1940; x_wconf 85' lang='lat' dir='ltr'>publica</span> <span class='ocrx_word' id='word_1_196' title='bbox 769 1884 1089 1925; x_wconf 84' lang='lat' dir='ltr'>moderationem</span> <span class='ocrx_word' id='word_1_197' title='bbox 1111 1894 1288 1940; x_wconf 89' lang='lat' dir='ltr'>oportet,</span> <span class='ocrx_word' id='word_1_198' title='bbox 1310 1894 1357 1926; x_wconf 91' lang='lat' dir='ltr'>ut</span> <span class='ocrx_word' id='word_1_199' title='bbox 1382 1900 1516 1941; x_wconf 87' lang='lat' dir='ltr'>neque</span> 
     </span>
     <span class='ocr_line' id='line_1_27' title="bbox 130 1952 1516 2019; baseline 0.001 -26"><span class='ocrx_word' id='word_1_200' title='bbox 130 1952 343 1994; x_wconf 85' lang='lat' dir='ltr'>Severitate</span> <span class='ocrx_word' id='word_1_201' title='bbox 373 1953 510 2003; x_wconf 86' lang='lat' dir='ltr'>nimia,</span> <span class='ocrx_word' id='word_1_202' title='bbox 533 1953 605 2009; x_wconf 89' lang='lat' dir='ltr'>qui</span> <span class='ocrx_word' id='word_1_203' title='bbox 637 1953 831 2019; x_wconf 85' lang='lat' dir='ltr'>peccavit,</span> <span class='ocrx_word' id='word_1_204' title='bbox 855 1953 1037 1993; x_wconf 88' lang='lat' dir='ltr'>animum</span> <span class='ocrx_word' id='word_1_205' title='bbox 1069 1953 1346 2008; x_wconf 88' lang='lat' dir='ltr'>despondeat;</span> <span class='ocrx_word' id='word_1_206' title='bbox 1381 1969 1516 2009; x_wconf 88' lang='lat' dir='ltr'>neque</span> 
     </span>
     <span class='ocr_line' id='line_1_28' title="bbox 128 2020 1515 2077; baseline 0.001 -17"><span class='ocrx_word' id='word_1_207' title='bbox 128 2035 292 2073; x_wconf 83' lang='lat' dir='ltr'>rursum</span> <span class='ocrx_word' id='word_1_208' title='bbox 323 2021 515 2062; x_wconf 85' lang='lat' dir='ltr'>facilitate</span> <span class='ocrx_word' id='word_1_209' title='bbox 540 2021 684 2072; x_wconf 88' lang='lat' dir='ltr'>nimia,</span> <span class='ocrx_word' id='word_1_210' title='bbox 714 2021 909 2061; x_wconf 79' lang='lat' dir='ltr'>Ecclesiae</span> <span class='ocrx_word' id='word_1_211' title='bbox 940 2021 1155 2077; x_wconf 87' lang='lat' dir='ltr'>disciplina</span> <span class='ocrx_word' id='word_1_212' title='bbox 1184 2020 1361 2071; x_wconf 90' lang='lat' dir='ltr'>labatur,</span> <span class='ocrx_word' id='word_1_213' title='bbox 1390 2031 1515 2076; x_wconf 81' lang='lat' dir='ltr'>atque</span> 
     </span>
     <span class='ocr_line' id='line_1_29' title="bbox 130 2088 1517 2144; baseline 0.001 -16"><span class='ocrx_word' id='word_1_214' title='bbox 130 2088 219 2144; x_wconf 79' lang='lat' dir='ltr'>ejus</span> <span class='ocrx_word' id='word_1_215' title='bbox 248 2088 516 2135; x_wconf 82' lang='lat' dir='ltr'>imminuatur</span> <span class='ocrx_word' id='word_1_216' title='bbox 545 2089 787 2138; x_wconf 84' lang='lat' dir='ltr'>authoritas,</span> <span class='ocrx_word' id='word_1_217' title='bbox 817 2089 1036 2144; x_wconf 79' lang='lat' dir='ltr'>caeteiique</span> <span class='ocrx_word' id='word_1_218' title='bbox 1067 2089 1118 2129; x_wconf 90' lang='lat' dir='ltr'>ad</span> <span class='ocrx_word' id='word_1_219' title='bbox 1151 2088 1296 2129; x_wconf 87' lang='lat' dir='ltr'>similia</span> <span class='ocrx_word' id='word_1_220' title='bbox 1325 2089 1517 2129; x_wconf 88' lang='lat' dir='ltr'>audenda</span> 
     </span>
     <span class='ocr_line' id='line_1_30' title="bbox 129 2157 1516 2214; baseline 0 -16"><span class='ocrx_word' id='word_1_221' title='bbox 129 2157 362 2198; x_wconf 85' lang='lat' dir='ltr'>animentur</span> <span class='ocrx_word' id='word_1_222' title='bbox 382 2167 506 2214; x_wconf 88' lang='lat' dir='ltr'>atque</span> <span class='ocrx_word' id='word_1_223' title='bbox 525 2158 757 2198; x_wconf 87' lang='lat' dir='ltr'>incitentur</span> <span class='ocrx_word' id='word_1_224' title='bbox 798 2157 879 2198; x_wconf 79' lang='lat' dir='ltr'>Sed</span> <span class='ocrx_word' id='word_1_225' title='bbox 900 2157 971 2198; x_wconf 90' lang='lat' dir='ltr'>ubi</span> <span class='ocrx_word' id='word_1_226' title='bbox 994 2158 1214 2208; x_wconf 88' lang='lat' dir='ltr'>seniorum,</span> <span class='ocrx_word' id='word_1_227' title='bbox 1239 2158 1516 2214; x_wconf 65' lang='lat' dir='ltr'>‘pastorisque</span> 
     </span>
     <span class='ocr_line' id='line_1_31' title="bbox 123 2225 1516 2282; baseline 0.001 -17"><span class='ocrx_word' id='word_1_228' title='bbox 123 2225 296 2281; x_wconf 83' lang='lat' dir='ltr'>judicio,</span> <span class='ocrx_word' id='word_1_229' title='bbox 319 2236 358 2266; x_wconf 93' lang='lat' dir='ltr'>et</span> <span class='ocrx_word' id='word_1_230' title='bbox 378 2226 482 2281; x_wconf 83' lang='lat' dir='ltr'>ejus,</span> <span class='ocrx_word' id='word_1_231' title='bbox 505 2226 576 2282; x_wconf 91' lang='lat' dir='ltr'>qui</span> <span class='ocrx_word' id='word_1_232' title='bbox 604 2226 799 2282; x_wconf 87' lang='lat' dir='ltr'>peccavit,</span> <span class='ocrx_word' id='word_1_233' title='bbox 831 2225 1101 2281; x_wconf 81' lang='lat' dir='ltr'>castigationi,</span> <span class='ocrx_word' id='word_1_234' title='bbox 1131 2235 1171 2267; x_wconf 91' lang='lat' dir='ltr'>et</span> <span class='ocrx_word' id='word_1_235' title='bbox 1201 2225 1391 2282; x_wconf 87' lang='lat' dir='ltr'>exemplo</span> <span class='ocrx_word' id='word_1_236' title='bbox 1420 2226 1516 2267; x_wconf 88' lang='lat' dir='ltr'>alio—</span> 
     </span>
     <span class='ocr_line' id='line_1_32' title="bbox 129 2287 1513 2345; baseline 0 -11"><span class='ocrx_word' id='word_1_237' title='bbox 129 2309 222 2334; x_wconf 89' lang='lat' dir='ltr'>rum</span> <span class='ocrx_word' id='word_1_238' title='bbox 243 2293 492 2334; x_wconf 85' lang='lat' dir='ltr'>satisfactum</span> <span class='ocrx_word' id='word_1_239' title='bbox 516 2287 655 2345; x_wconf 84' lang='lat' dir='ltr'>fuerit,</span> <span class='ocrx_word' id='word_1_240' title='bbox 677 2310 840 2338; x_wconf 81' lang='lat' dir='ltr'>rursum</span> <span class='ocrx_word' id='word_1_241' title='bbox 870 2294 923 2334; x_wconf 85' lang='lat' dir='ltr'>ad</span> <span class='ocrx_word' id='word_1_242' title='bbox 951 2294 1279 2335; x_wconf 71' lang='lat' dir='ltr'>communionem</span> <span class='ocrx_word' id='word_1_243' title='bbox 1303 2294 1513 2343; x_wconf 83' lang='lat' dir='ltr'>Ecclesiae,</span> 
     </span>
     <span class='ocr_line' id='line_1_33' title="bbox 129 2361 1032 2418; baseline 0.001 -16"><span class='ocrx_word' id='word_1_244' title='bbox 129 2361 200 2418; x_wconf 89' lang='lat' dir='ltr'>qui</span> <span class='ocrx_word' id='word_1_245' title='bbox 222 2373 308 2402; x_wconf 88' lang='lat' dir='ltr'>erat</span> <span class='ocrx_word' id='word_1_246' title='bbox 329 2363 705 2403; x_wconf 85' lang='lat' dir='ltr'>excommunicatus</span> <span class='ocrx_word' id='word_1_247' title='bbox 725 2363 1032 2403; x_wconf 85' lang='lat' dir='ltr'>admittebatur.</span> 
     </span>
    </p>

    <p class='ocr_par' dir='ltr' id='par_1_7' title="bbox 127 2430 1514 2622">
     <span class='ocr_line' id='line_1_34' title="bbox 189 2430 1514 2487; baseline 0 -17"><span class='ocrx_word' id='word_1_248' title='bbox 189 2431 251 2470; x_wconf 89' lang='lat' dir='ltr'>M.</span> <span class='ocrx_word' id='word_1_249' title='bbox 285 2430 415 2471; x_wconf 89' lang='lat' dir='ltr'>Video</span> <span class='ocrx_word' id='word_1_250' title='bbox 445 2440 499 2479; x_wconf 88' lang='lat' dir='ltr'>te,</span> <span class='ocrx_word' id='word_1_251' title='bbox 529 2430 610 2471; x_wconf 88' lang='lat' dir='ltr'>Fili</span> <span class='ocrx_word' id='word_1_252' title='bbox 640 2431 710 2480; x_wconf 89' lang='lat' dir='ltr'>mi,</span> <span class='ocrx_word' id='word_1_253' title='bbox 744 2430 989 2472; x_wconf 72' lang='lat' dir='ltr'>Christianae</span> <span class='ocrx_word' id='word_1_254' title='bbox 1020 2430 1182 2487; x_wconf 88' lang='lat' dir='ltr'>pietatis</span> <span class='ocrx_word' id='word_1_255' title='bbox 1212 2446 1412 2471; x_wconf 83' lang='lat' dir='ltr'>summam</span> <span class='ocrx_word' id='word_1_256' title='bbox 1445 2447 1514 2471; x_wconf 86' lang='lat' dir='ltr'>ex-</span> 
     </span>
     <span class='ocr_line' id='line_1_35' title="bbox 127 2498 1511 2554; baseline 0.001 -16"><span class='ocrx_word' id='word_1_257' title='bbox 127 2509 216 2538; x_wconf 81' lang='lat' dir='ltr'>acte</span> <span class='ocrx_word' id='word_1_258' title='bbox 237 2507 387 2540; x_wconf 88' lang='lat' dir='ltr'>tenere.</span> <span class='ocrx_word' id='word_1_259' title='bbox 450 2500 646 2554; x_wconf 84' lang='lat' dir='ltr'>Superest</span> <span class='ocrx_word' id='word_1_260' title='bbox 667 2507 714 2539; x_wconf 88' lang='lat' dir='ltr'>ut</span> <span class='ocrx_word' id='word_1_261' title='bbox 733 2499 785 2539; x_wconf 91' lang='lat' dir='ltr'>ad</span> <span class='ocrx_word' id='word_1_262' title='bbox 807 2498 912 2539; x_wconf 87' lang='lat' dir='ltr'>hanc</span> <span class='ocrx_word' id='word_1_263' title='bbox 933 2498 1175 2554; x_wconf 84' lang='lat' dir='ltr'>cognitionis</span> <span class='ocrx_word' id='word_1_264' title='bbox 1203 2498 1281 2554; x_wconf 87' lang='lat' dir='ltr'>piae</span> <span class='ocrx_word' id='word_1_265' title='bbox 1311 2499 1511 2554; x_wconf 87' lang='lat' dir='ltr'>regulam,</span> 
     </span>
     <span class='ocr_line' id='line_1_36' title="bbox 128 2565 1512 2622; baseline 0.001 -16"><span class='ocrx_word' id='word_1_266' title='bbox 128 2567 252 2608; x_wconf 75' lang='lat' dir='ltr'>vitam</span> <span class='ocrx_word' id='word_1_267' title='bbox 290 2577 403 2608; x_wconf 88' lang='lat' dir='ltr'>tuam</span> <span class='ocrx_word' id='word_1_268' title='bbox 443 2567 500 2607; x_wconf 90' lang='lat' dir='ltr'>ita</span> <span class='ocrx_word' id='word_1_269' title='bbox 533 2567 700 2622; x_wconf 82' lang='lat' dir='ltr'>dirigas,</span> <span class='ocrx_word' id='word_1_270' title='bbox 734 2582 785 2607; x_wconf 91' lang='lat' dir='ltr'>ne</span> <span class='ocrx_word' id='word_1_271' title='bbox 819 2567 974 2607; x_wconf 87' lang='lat' dir='ltr'>frustra</span> <span class='ocrx_word' id='word_1_272' title='bbox 1003 2566 1080 2606; x_wconf 89' lang='lat' dir='ltr'>ista</span> <span class='ocrx_word' id='word_1_273' title='bbox 1109 2565 1296 2607; x_wconf 88' lang='lat' dir='ltr'>didicisse</span> <span class='ocrx_word' id='word_1_274' title='bbox 1325 2566 1512 2608; x_wconf 83' lang='lat' dir='ltr'>videaris.</span> 
     </span>
    </p>
   </div>
   <div class='ocr_carea' id='block_1_3' title="bbox 127 2732 1512 2825">
    <p class='ocr_par' dir='ltr' id='par_1_8' title="bbox 127 2732 1512 2825">
     <span class='ocr_line' id='line_1_37' title="bbox 171 2732 1512 2773; baseline 0.001 -12"><span class='ocrx_word' id='word_1_275' title='bbox 171 2739 183 2751; x_wconf 87' lang='lat'><strong>⁰</strong></span> <span class='ocrx_word' id='word_1_276' title='bbox 206 2733 305 2762; x_wconf 51' lang='lat'>1001·⁹</span> <span class='ocrx_word' id='word_1_277' title='bbox 321 2743 417 2770; x_wconf 58' lang='grc' dir='ltr'>κ.3;·,.</span> <span class='ocrx_word' id='word_1_278' title='bbox 441 2733 508 2763; x_wconf 68' lang='lat' dir='ltr'>Tit.</span> <span class='ocrx_word' id='word_1_279' title='bbox 523 2733 566 2763; x_wconf 84' lang='lat' dir='ltr'>iii.</span> <span class='ocrx_word' id='word_1_280' title='bbox 586 2743 633 2768; x_wconf 78' lang='grc' dir='ltr'>ιο,</span> <span class='ocrx_word' id='word_1_281' title='bbox 652 2743 697 2762; x_wconf 90' lang='lat'>11.</span> <span class='ocrx_word' id='word_1_282' title='bbox 727 2743 737 2762; x_wconf 81' lang='grc' dir='ltr'><strong>ι</strong></span> <span class='ocrx_word' id='word_1_283' title='bbox 756 2733 850 2762; x_wconf 83' lang='lat' dir='ltr'>Thes.</span> <span class='ocrx_word' id='word_1_284' title='bbox 862 2744 891 2762; x_wconf 85' lang='lat' dir='ltr'>v.</span> <span class='ocrx_word' id='word_1_285' title='bbox 907 2741 954 2770; x_wconf 77' lang='lat'>14.</span> <span class='ocrx_word' id='word_1_286' title='bbox 981 2732 1305 2773; x_wconf 67' lang='lat' dir='ltr'>leics.iii.14,15.</span> <span class='ocrx_word' id='word_1_287' title='bbox 1373 2741 1387 2759; x_wconf 75' lang='grc' dir='ltr'>Ρ</span> <span class='ocrx_word' id='word_1_288' title='bbox 1408 2744 1421 2763; x_wconf 79' lang='lat' dir='ltr'>z</span> <span class='ocrx_word' id='word_1_289' title='bbox 1439 2736 1512 2765; x_wconf 72' lang='lat' dir='ltr'>Cor.</span> 
     </span>
     <span class='ocr_line' id='line_1_38' title="bbox 127 2786 1257 2825; baseline 0.004 -10"><span class='ocrx_word' id='word_1_290' title='bbox 127 2786 148 2815; x_wconf 83' lang='lat' dir='ltr'>i.</span> <span class='ocrx_word' id='word_1_291' title='bbox 165 2787 194 2815; x_wconf 64' lang='lat' dir='ltr'>(i.</span> <span class='ocrx_word' id='word_1_292' title='bbox 219 2786 271 2816; x_wconf 84' lang='lat' dir='ltr'>vii.</span> <span class='ocrx_word' id='word_1_293' title='bbox 287 2796 319 2825; x_wconf 76' lang='lat' dir='ltr'>c),</span> <span class='ocrx_word' id='word_1_294' title='bbox 339 2797 387 2817; x_wconf 85' lang='lat'>10.</span> <span class='ocrx_word' id='word_1_295' title='bbox 475 2793 487 2811; x_wconf 76' lang='lat'>¹³</span> <span class='ocrx_word' id='word_1_296' title='bbox 508 2796 521 2816; x_wconf 87' lang='lat'>2</span> <span class='ocrx_word' id='word_1_297' title='bbox 543 2787 616 2817; x_wconf 80' lang='lat' dir='ltr'>Cor.</span> <span class='ocrx_word' id='word_1_298' title='bbox 635 2786 666 2816; x_wconf 83' lang='lat' dir='ltr'>ii.</span> <span class='ocrx_word' id='word_1_299' title='bbox 684 2786 714 2821; x_wconf 78' lang='lat'>6,</span> <span class='ocrx_word' id='word_1_300' title='bbox 737 2786 815 2825; x_wconf 74' lang='lat'>7,‹8‚</span> <span class='ocrx_word' id='word_1_301' title='bbox 835 2797 881 2816; x_wconf 83' lang='lat'>11.</span> <span class='ocrx_word' id='word_1_302' title='bbox 970 2793 980 2807; x_wconf 60' lang='grc' dir='ltr'><strong>τ</strong></span> <span class='ocrx_word' id='word_1_303' title='bbox 1000 2797 1014 2817; x_wconf 79' lang='lat'>2</span> <span class='ocrx_word' id='word_1_304' title='bbox 1032 2789 1105 2818; x_wconf 61' lang='lat' dir='ltr'>sor.</span> <span class='ocrx_word' id='word_1_305' title='bbox 1124 2789 1153 2818; x_wconf 81' lang='lat' dir='ltr'>ii.</span> <span class='ocrx_word' id='word_1_306' title='bbox 1171 2789 1202 2824; x_wconf 76' lang='grc' dir='ltr'>(ι,</span> <span class='ocrx_word' id='word_1_307' title='bbox 1223 2799 1257 2819; x_wconf 89' lang='grc' dir='ltr'>ιο</span> 
     </span>
    </p>
   </div>
   <div class='ocr_carea' id='block_1_4' title="bbox 782 2842 858 2879">
    <p class='ocr_par' dir='ltr' id='par_1_9' title="bbox 782 2842 858 2879">
     <span class='ocr_line' id='line_1_39' title="bbox 782 2842 858 2879; baseline 0 0"><span class='ocrx_word' id='word_1_308' title='bbox 782 2854 809 2879; x_wconf 81' lang='lat' dir='ltr'>Y</span> <span class='ocrx_word' id='word_1_309' title='bbox 835 2842 858 2879; x_wconf 69' lang='lat' dir='ltr'>i</span> 
     </span>
    </p>
   </div>
  </div>
 </body>
</html>
