<?xml version="1.0" encoding="UTF-8"?>
<!DOCTYPE html PUBLIC "-//W3C//DTD XHTML 1.0 Transitional//EN"
    "http://www.w3.org/TR/xhtml1/DTD/xhtml1-transitional.dtd">
<html xmlns="http://www.w3.org/1999/xhtml" xml:lang="en" lang="en">
 <head>
  <title>
</title>
<meta http-equiv="Content-Type" content="text/html;charset=utf-8" />
  <meta name='ocr-system' content='tesseract 3.04.00' />
  <meta name='ocr-capabilities' content='ocr_page ocr_carea ocr_par ocr_line ocrx_word'/>
</head>
<body>
  <div class='ocr_page' id='page_1' title='image "./enchiridiontheol01rand_0300.png"; bbox 0 0 1799 3077; ppageno 0'>
   <div class='ocr_carea' id='block_1_1' title="bbox 250 135 1319 182">
    <p class='ocr_par' dir='ltr' id='par_1_1' title="bbox 250 135 1319 182">
     <span class='ocr_line' id='line_1_1' title="bbox 250 135 1319 182; baseline -0.007 0"><span class='ocrx_word' id='word_1_1' title='bbox 250 138 335 182; x_wconf 69' lang='lat'>286</span> <span class='ocrx_word' id='word_1_2' title='bbox 581 139 817 181; x_wconf 90' lang='lat' dir='ltr'>NOELLI</span> <span class='ocrx_word' id='word_1_3' title='bbox 852 135 1319 179; x_wconf 85' lang='lat' dir='ltr'><strong>CATECHISMUS.</strong></span> 
     </span>
    </p>
   </div>
   <div class='ocr_carea' id='block_1_2' title="bbox 248 247 1648 984">
    <p class='ocr_par' dir='ltr' id='par_1_2' title="bbox 248 247 1648 984">
     <span class='ocr_line' id='line_1_2' title="bbox 249 247 1637 304; baseline -0.006 -9"><span class='ocrx_word' id='word_1_4' title='bbox 249 255 393 304; x_wconf 89' lang='lat' dir='ltr'>mium,</span> <span class='ocrx_word' id='word_1_5' title='bbox 427 253 552 294; x_wconf 86' lang='lat' dir='ltr'>Fides</span> <span class='ocrx_word' id='word_1_6' title='bbox 584 262 658 294; x_wconf 89' lang='lat' dir='ltr'>est.</span> <span class='ocrx_word' id='word_1_7' title='bbox 720 252 830 292; x_wconf 89' lang='lat' dir='ltr'>Nam</span> <span class='ocrx_word' id='word_1_8' title='bbox 860 250 1086 300; x_wconf 83' lang='lat' dir='ltr'>hebetiora,</span> <span class='ocrx_word' id='word_1_9' title='bbox 1120 248 1421 303; x_wconf 81' lang='lat' dir='ltr'>htardioraque</span> <span class='ocrx_word' id='word_1_10' title='bbox 1452 257 1548 288; x_wconf 89' lang='lat' dir='ltr'>sunt</span> <span class='ocrx_word' id='word_1_11' title='bbox 1577 247 1637 288; x_wconf 87' lang='lat' dir='ltr'>in-</span> 
     </span>
     <span class='ocr_line' id='line_1_3' title="bbox 248 315 1639 377; baseline -0.006 -14"><span class='ocrx_word' id='word_1_12' title='bbox 248 322 372 377; x_wconf 85' lang='lat' dir='ltr'>genia</span> <span class='ocrx_word' id='word_1_13' title='bbox 400 330 553 371; x_wconf 86' lang='lat' dir='ltr'>nostra,</span> <span class='ocrx_word' id='word_1_14' title='bbox 585 334 711 376; x_wconf 91' lang='lat' dir='ltr'>quam</span> <span class='ocrx_word' id='word_1_15' title='bbox 743 328 791 359; x_wconf 89' lang='lat' dir='ltr'>ut</span> <span class='ocrx_word' id='word_1_16' title='bbox 820 318 901 359; x_wconf 89' lang='lat' dir='ltr'>Dei</span> <span class='ocrx_word' id='word_1_17' title='bbox 933 318 1187 374; x_wconf 77' lang='lat' dir='ltr'>sapientiam,</span> <span class='ocrx_word' id='word_1_18' title='bbox 1217 316 1337 372; x_wconf 83' lang='lat' dir='ltr'>cujus</span> <span class='ocrx_word' id='word_1_19' title='bbox 1368 315 1503 356; x_wconf 81' lang='lat' dir='ltr'>fontes</span> <span class='ocrx_word' id='word_1_20' title='bbox 1533 315 1639 356; x_wconf 87' lang='lat' dir='ltr'>Fide</span> 
     </span>
     <span class='ocr_line' id='line_1_4' title="bbox 250 383 1641 446; baseline -0.006 -15"><span class='ocrx_word' id='word_1_21' title='bbox 250 389 508 446; x_wconf 86' lang='lat' dir='ltr'>aperiuntur,</span> <span class='ocrx_word' id='word_1_22' title='bbox 531 387 757 444; x_wconf 84' lang='lat' dir='ltr'>concipere,</span> <span class='ocrx_word' id='word_1_23' title='bbox 781 395 821 427; x_wconf 84' lang='lat' dir='ltr'>et</span> <span class='ocrx_word' id='word_1_24' title='bbox 847 386 984 427; x_wconf 88' lang='lat' dir='ltr'>animo</span> <span class='ocrx_word' id='word_1_25' title='bbox 1010 383 1356 442; x_wconf 82' lang='lat' dir='ltr'>comprehendere</span> <span class='ocrx_word' id='word_1_26' title='bbox 1385 383 1566 439; x_wconf 79' lang='lat' dir='ltr'>possint3</span> <span class='ocrx_word' id='word_1_27' title='bbox 1599 392 1641 424; x_wconf 87' lang='lat' dir='ltr'>et</span> 
     </span>
     <span class='ocr_line' id='line_1_5' title="bbox 250 452 1642 507; baseline -0.006 -8"><span class='ocrx_word' id='word_1_28' title='bbox 250 457 376 499; x_wconf 84' lang='lat' dir='ltr'>corda</span> <span class='ocrx_word' id='word_1_29' title='bbox 406 466 557 507; x_wconf 84' lang='lat' dir='ltr'>nostra,</span> <span class='ocrx_word' id='word_1_30' title='bbox 588 455 653 496; x_wconf 88' lang='lat' dir='ltr'>vel</span> <span class='ocrx_word' id='word_1_31' title='bbox 684 454 737 494; x_wconf 85' lang='lat' dir='ltr'>ad</span> <span class='ocrx_word' id='word_1_32' title='bbox 767 452 1074 503; x_wconf 82' lang='lat' dir='ltr'>idiffidentiam‚</span> <span class='ocrx_word' id='word_1_33' title='bbox 1095 452 1160 493; x_wconf 92' lang='lat' dir='ltr'>vel</span> <span class='ocrx_word' id='word_1_34' title='bbox 1193 452 1245 492; x_wconf 83' lang='lat' dir='ltr'>ad</span> <span class='ocrx_word' id='word_1_35' title='bbox 1276 466 1446 507; x_wconf 88' lang='lat' dir='ltr'>pravam</span> <span class='ocrx_word' id='word_1_36' title='bbox 1477 465 1642 506; x_wconf 85' lang='lat' dir='ltr'>perver-</span> 
     </span>
     <span class='ocr_line' id='line_1_6' title="bbox 252 518 1643 580; baseline -0.006 -14"><span class='ocrx_word' id='word_1_37' title='bbox 252 539 422 580; x_wconf 87' lang='lat' dir='ltr'>samque</span> <span class='ocrx_word' id='word_1_38' title='bbox 446 523 488 564; x_wconf 91' lang='lat' dir='ltr'>in</span> <span class='ocrx_word' id='word_1_39' title='bbox 508 522 642 572; x_wconf 88' lang='lat' dir='ltr'>nobis,</span> <span class='ocrx_word' id='word_1_40' title='bbox 664 520 730 562; x_wconf 89' lang='lat' dir='ltr'>vel</span> <span class='ocrx_word' id='word_1_41' title='bbox 760 520 848 561; x_wconf 89' lang='lat' dir='ltr'>aliis</span> <span class='ocrx_word' id='word_1_42' title='bbox 877 519 1075 561; x_wconf 83' lang='lat' dir='ltr'>creaturis</span> <span class='ocrx_word' id='word_1_43' title='bbox 1105 518 1409 569; x_wconf 86' lang='lat' dir='ltr'>confidentiam,</span> <span class='ocrx_word' id='word_1_44' title='bbox 1432 534 1558 574; x_wconf 86' lang='lat' dir='ltr'>quam</span> <span class='ocrx_word' id='word_1_45' title='bbox 1588 518 1643 559; x_wconf 90' lang='lat' dir='ltr'>ad</span> 
     </span>
     <span class='ocr_line' id='line_1_7' title="bbox 253 586 1644 644; baseline -0.004 -11"><span class='ocrx_word' id='word_1_46' title='bbox 253 607 392 633; x_wconf 86' lang='lat' dir='ltr'>veram</span> <span class='ocrx_word' id='word_1_47' title='bbox 427 592 470 632; x_wconf 93' lang='lat' dir='ltr'>in</span> <span class='ocrx_word' id='word_1_48' title='bbox 505 592 599 632; x_wconf 89' lang='lat' dir='ltr'>Deo</span> <span class='ocrx_word' id='word_1_49' title='bbox 631 589 841 639; x_wconf 82' lang='lat' dir='ltr'>fiduciam,</span> <span class='ocrx_word' id='word_1_50' title='bbox 874 596 970 629; x_wconf 87' lang='lat' dir='ltr'>sunt</span> <span class='ocrx_word' id='word_1_51' title='bbox 999 586 1276 644; x_wconf 83' lang='lat' dir='ltr'>propensiora.</span> <span class='ocrx_word' id='word_1_52' title='bbox 1338 587 1491 627; x_wconf 88' lang='lat' dir='ltr'>Verum</span> <span class='ocrx_word' id='word_1_53' title='bbox 1526 588 1644 627; x_wconf 84' lang='lat' dir='ltr'>Deus</span> 
     </span>
     <span class='ocr_line' id='line_1_8' title="bbox 254 654 1645 711; baseline -0.005 -10"><span class='ocrx_word' id='word_1_54' title='bbox 254 661 382 701; x_wconf 89' lang='lat' dir='ltr'>verbo</span> <span class='ocrx_word' id='word_1_55' title='bbox 402 675 476 700; x_wconf 88' lang='lat' dir='ltr'>suo</span> <span class='ocrx_word' id='word_1_56' title='bbox 505 674 580 699; x_wconf 86' lang='lat' dir='ltr'>nos</span> <span class='ocrx_word' id='word_1_57' title='bbox 609 658 829 707; x_wconf 84' lang='lat' dir='ltr'>instruens,</span> <span class='ocrx_word' id='word_1_58' title='bbox 853 655 1057 711; x_wconf 87' lang='lat' dir='ltr'>simulque</span> <span class='ocrx_word' id='word_1_59' title='bbox 1077 655 1269 695; x_wconf 80' lang='lat' dir='ltr'>kmentes</span> <span class='ocrx_word' id='word_1_60' title='bbox 1295 663 1454 695; x_wconf 86' lang='lat' dir='ltr'>nostras</span> <span class='ocrx_word' id='word_1_61' title='bbox 1488 654 1645 710; x_wconf 86' lang='lat' dir='ltr'>Spiritu</span> 
     </span>
     <span class='ocr_line' id='line_1_9' title="bbox 256 722 1647 779; baseline -0.006 -10"><span class='ocrx_word' id='word_1_62' title='bbox 256 744 331 771; x_wconf 88' lang='lat' dir='ltr'>suo</span> <span class='ocrx_word' id='word_1_63' title='bbox 353 736 492 768; x_wconf 85' lang='lat' dir='ltr'>sancto</span> <span class='ocrx_word' id='word_1_64' title='bbox 521 726 744 775; x_wconf 87' lang='lat' dir='ltr'>illustrans,</span> <span class='ocrx_word' id='word_1_65' title='bbox 766 724 819 765; x_wconf 89' lang='lat' dir='ltr'>ad</span> <span class='ocrx_word' id='word_1_66' title='bbox 850 739 911 775; x_wconf 85' lang='lat' dir='ltr'>ea,</span> <span class='ocrx_word' id='word_1_67' title='bbox 934 739 1029 779; x_wconf 80' lang='lat' dir='ltr'>quae</span> <span class='ocrx_word' id='word_1_68' title='bbox 1059 722 1214 778; x_wconf 85' lang='lat' dir='ltr'>alioqui</span> <span class='ocrx_word' id='word_1_69' title='bbox 1243 722 1433 762; x_wconf 84' lang='lat' dir='ltr'>obtusam</span> <span class='ocrx_word' id='word_1_70' title='bbox 1464 722 1647 778; x_wconf 85' lang='lat' dir='ltr'>ingenio-</span> 
     </span>
     <span class='ocr_line' id='line_1_10' title="bbox 256 790 1645 849; baseline -0.004 -12"><span class='ocrx_word' id='word_1_71' title='bbox 256 811 350 837; x_wconf 87' lang='lat' dir='ltr'>rum</span> <span class='ocrx_word' id='word_1_72' title='bbox 382 804 617 836; x_wconf 87' lang='lat' dir='ltr'>nostrorum</span> <span class='ocrx_word' id='word_1_73' title='bbox 652 793 778 834; x_wconf 83' lang='lat' dir='ltr'>aciem</span> <span class='ocrx_word' id='word_1_74' title='bbox 811 793 933 849; x_wconf 85' lang='lat' dir='ltr'>longe</span> <span class='ocrx_word' id='word_1_75' title='bbox 964 792 1172 848; x_wconf 84' lang='lat' dir='ltr'>fugerent,</span> <span class='ocrx_word' id='word_1_76' title='bbox 1204 790 1355 831; x_wconf 88' lang='lat' dir='ltr'>dociles</span> <span class='ocrx_word' id='word_1_77' title='bbox 1391 806 1465 832; x_wconf 90' lang='lat' dir='ltr'>nos</span> <span class='ocrx_word' id='word_1_78' title='bbox 1494 791 1645 841; x_wconf 90' lang='lat' dir='ltr'>reddit,</span> 
     </span>
     <span class='ocr_line' id='line_1_11' title="bbox 256 858 1648 919; baseline -0.004 -13"><span class='ocrx_word' id='word_1_79' title='bbox 256 874 298 906; x_wconf 88' lang='lat' dir='ltr'>et</span> <span class='ocrx_word' id='word_1_80' title='bbox 329 863 470 905; x_wconf 86' lang='lat' dir='ltr'>salutis</span> <span class='ocrx_word' id='word_1_81' title='bbox 502 861 786 919; x_wconf 84' lang='lat' dir='ltr'>promissiones</span> <span class='ocrx_word' id='word_1_82' title='bbox 812 860 855 901; x_wconf 89' lang='lat' dir='ltr'>in</span> <span class='ocrx_word' id='word_1_83' title='bbox 882 860 1027 901; x_wconf 86' lang='lat' dir='ltr'>animis</span> <span class='ocrx_word' id='word_1_84' title='bbox 1047 859 1196 900; x_wconf 85' lang='lat' dir='ltr'>nostris</span> <span class='ocrx_word' id='word_1_85' title='bbox 1216 858 1473 914; x_wconf 86' lang='lat' dir='ltr'>consignans,</span> <span class='ocrx_word' id='word_1_86' title='bbox 1496 874 1570 900; x_wconf 91' lang='lat' dir='ltr'>nos</span> <span class='ocrx_word' id='word_1_87' title='bbox 1589 859 1648 900; x_wconf 88' lang='lat' dir='ltr'>ita</span> 
     </span>
     <span class='ocr_line' id='line_1_12' title="bbox 257 926 1648 984; baseline -0.004 -11"><span class='ocrx_word' id='word_1_88' title='bbox 257 934 423 983; x_wconf 79' lang='lat' dir='ltr'>format,</span> <span class='ocrx_word' id='word_1_89' title='bbox 445 941 492 972; x_wconf 88' lang='lat' dir='ltr'>ut</span> <span class='ocrx_word' id='word_1_90' title='bbox 513 931 564 972; x_wconf 92' lang='lat' dir='ltr'>de</span> <span class='ocrx_word' id='word_1_91' title='bbox 587 930 751 971; x_wconf 84' lang='lat' dir='ltr'>illarum</span> <span class='ocrx_word' id='word_1_92' title='bbox 772 929 854 970; x_wconf 92' lang='lat' dir='ltr'>fide</span> <span class='ocrx_word' id='word_1_93' title='bbox 884 928 1002 970; x_wconf 91' lang='lat' dir='ltr'>nobis</span> <span class='ocrx_word' id='word_1_94' title='bbox 1031 928 1082 969; x_wconf 89' lang='lat' dir='ltr'>sit</span> <span class='ocrx_word' id='word_1_95' title='bbox 1113 926 1479 984; x_wconf 85' lang='lat' dir='ltr'>persuasissimum.</span> <span class='ocrx_word' id='word_1_96' title='bbox 1541 928 1648 968; x_wconf 85' lang='lat' dir='ltr'>Haec</span> 
     </span>
    </p>
   </div>
   <div class='ocr_carea' id='block_1_3' title="bbox 259 994 1649 1125">
    <p class='ocr_par' dir='ltr' id='par_1_3' title="bbox 259 994 1649 1125">
     <span class='ocr_line' id='line_1_13' title="bbox 259 994 1649 1056; baseline -0.005 -14"><span class='ocrx_word' id='word_1_97' title='bbox 259 1000 532 1056; x_wconf 83' lang='lat' dir='ltr'>intelligentes</span> <span class='ocrx_word' id='word_1_98' title='bbox 553 997 762 1055; x_wconf 84' lang='lat' dir='ltr'>Apostoli,</span> <span class='ocrx_word' id='word_1_99' title='bbox 786 997 1014 1039; x_wconf 90' lang='lat' dir='ltr'>Dominum</span> <span class='ocrx_word' id='word_1_100' title='bbox 1036 1004 1169 1046; x_wconf 88' lang='lat' dir='ltr'>orant,</span> <span class='ocrx_word' id='word_1_101' title='bbox 1191 1003 1240 1035; x_wconf 91' lang='lat' dir='ltr'>ut</span> <span class='ocrx_word' id='word_1_102' title='bbox 1259 994 1269 1023; x_wconf 85' lang='lat'>¹</span> <span class='ocrx_word' id='word_1_103' title='bbox 1285 995 1432 1036; x_wconf 86' lang='lat' dir='ltr'>Fidem</span> <span class='ocrx_word' id='word_1_104' title='bbox 1463 995 1649 1051; x_wconf 87' lang='lat' dir='ltr'>ipsorum</span> 
     </span>
     <span class='ocr_line' id='line_1_14' title="bbox 261 1079 423 1125; baseline -0.012 -15"><span class='ocrx_word' id='word_1_105' title='bbox 261 1079 423 1125; x_wconf 83' lang='lat' dir='ltr'>augeat.</span> 
     </span>
    </p>
   </div>
   <div class='ocr_carea' id='block_1_4' title="bbox 308 1181 1611 1229">
    <p class='ocr_par' dir='ltr' id='par_1_4' title="bbox 308 1181 1611 1229">
     <span class='ocr_line' id='line_1_15' title="bbox 308 1181 1611 1229; baseline -0.005 -6"><span class='ocrx_word' id='word_1_106' title='bbox 308 1184 496 1223; x_wconf 83' lang='lat' dir='ltr'><strong>TERTIA</strong></span> <span class='ocrx_word' id='word_1_107' title='bbox 520 1195 628 1221; x_wconf 90' lang='lat' dir='ltr'><strong>PARS</strong></span> <span class='ocrx_word' id='word_1_108' title='bbox 652 1195 710 1221; x_wconf 88' lang='lat' dir='ltr'>DE</span> <span class='ocrx_word' id='word_1_109' title='bbox 734 1181 995 1229; x_wconf 83' lang='lat' dir='ltr'>ORATIONE,</span> <span class='ocrx_word' id='word_1_110' title='bbox 1019 1193 1076 1219; x_wconf 83' lang='lat' dir='ltr'>ET</span> <span class='ocrx_word' id='word_1_111' title='bbox 1100 1191 1372 1218; x_wconf 86' lang='lat' dir='ltr'><strong>GRATIARUM</strong></span> <span class='ocrx_word' id='word_1_112' title='bbox 1397 1191 1611 1218; x_wconf 86' lang='lat' dir='ltr'><strong>ACTIONE.</strong></span> 
     </span>
    </p>
   </div>
   <div class='ocr_carea' id='block_1_5' title="bbox 267 1268 1671 2262">
    <p class='ocr_par' dir='ltr' id='par_1_5' title="bbox 267 1268 1660 1654">
     <span class='ocr_line' id='line_1_16' title="bbox 323 1268 1654 1328; baseline -0.004 -14"><span class='ocrx_word' id='word_1_113' title='bbox 323 1275 388 1315; x_wconf 88' lang='lat' dir='ltr'>M.</span> <span class='ocrx_word' id='word_1_114' title='bbox 433 1274 680 1328; x_wconf 86' lang='lat' dir='ltr'>Opportune</span> <span class='ocrx_word' id='word_1_115' title='bbox 716 1272 766 1312; x_wconf 91' lang='lat' dir='ltr'>de</span> <span class='ocrx_word' id='word_1_116' title='bbox 805 1270 987 1311; x_wconf 88' lang='lat' dir='ltr'>oratione</span> <span class='ocrx_word' id='word_1_117' title='bbox 1022 1269 1269 1310; x_wconf 90' lang='lat' dir='ltr'>mentionem</span> <span class='ocrx_word' id='word_1_118' title='bbox 1302 1268 1446 1309; x_wconf 86' lang='lat' dir='ltr'>fecisti.</span> <span class='ocrx_word' id='word_1_119' title='bbox 1517 1269 1654 1310; x_wconf 91' lang='lat' dir='ltr'>Abso-</span> 
     </span>
     <span class='ocr_line' id='line_1_17' title="bbox 267 1336 1655 1395; baseline -0.004 -13"><span class='ocrx_word' id='word_1_120' title='bbox 267 1342 355 1382; x_wconf 84' lang='lat' dir='ltr'>luta</span> <span class='ocrx_word' id='word_1_121' title='bbox 396 1340 503 1381; x_wconf 90' lang='lat' dir='ltr'>enim</span> <span class='ocrx_word' id='word_1_122' title='bbox 533 1339 641 1395; x_wconf 83' lang='lat' dir='ltr'>juris</span> <span class='ocrx_word' id='word_1_123' title='bbox 681 1338 839 1387; x_wconf 89' lang='lat' dir='ltr'>Divini,</span> <span class='ocrx_word' id='word_1_124' title='bbox 878 1347 918 1378; x_wconf 87' lang='lat' dir='ltr'>et</span> <span class='ocrx_word' id='word_1_125' title='bbox 961 1336 1160 1393; x_wconf 88' lang='lat' dir='ltr'>Symboli,</span> <span class='ocrx_word' id='word_1_126' title='bbox 1192 1336 1235 1377; x_wconf 92' lang='lat' dir='ltr'>id</span> <span class='ocrx_word' id='word_1_127' title='bbox 1276 1345 1351 1386; x_wconf 82' lang='lat' dir='ltr'>est,</span> <span class='ocrx_word' id='word_1_128' title='bbox 1392 1336 1655 1377; x_wconf 87' lang='lat' dir='ltr'>confessionis</span> 
     </span>
     <span class='ocr_line' id='line_1_18' title="bbox 271 1403 1654 1462; baseline -0.005 -12"><span class='ocrx_word' id='word_1_129' title='bbox 271 1408 517 1450; x_wconf 79' lang='lat' dir='ltr'>Christianae</span> <span class='ocrx_word' id='word_1_130' title='bbox 553 1405 838 1462; x_wconf 82' lang='lat' dir='ltr'>explicatione,</span> <span class='ocrx_word' id='word_1_131' title='bbox 876 1405 1113 1461; x_wconf 83' lang='lat' dir='ltr'>proximum</span> <span class='ocrx_word' id='word_1_132' title='bbox 1149 1413 1209 1445; x_wconf 88' lang='lat' dir='ltr'>est</span> <span class='ocrx_word' id='word_1_133' title='bbox 1244 1413 1291 1444; x_wconf 89' lang='lat' dir='ltr'>ut</span> <span class='ocrx_word' id='word_1_134' title='bbox 1326 1403 1377 1444; x_wconf 87' lang='lat' dir='ltr'>de</span> <span class='ocrx_word' id='word_1_135' title='bbox 1407 1404 1654 1460; x_wconf 84' lang='lat' dir='ltr'>precatione,</span> 
     </span>
     <span class='ocr_line' id='line_1_19' title="bbox 269 1471 1659 1532; baseline -0.003 -15"><span class='ocrx_word' id='word_1_136' title='bbox 269 1486 311 1517; x_wconf 88' lang='lat' dir='ltr'>et</span> <span class='ocrx_word' id='word_1_137' title='bbox 330 1491 424 1532; x_wconf 85' lang='lat' dir='ltr'>quae</span> <span class='ocrx_word' id='word_1_138' title='bbox 445 1476 503 1516; x_wconf 90' lang='lat' dir='ltr'>illi</span> <span class='ocrx_word' id='word_1_139' title='bbox 519 1475 694 1516; x_wconf 86' lang='lat' dir='ltr'>finitima</span> <span class='ocrx_word' id='word_1_140' title='bbox 714 1483 788 1524; x_wconf 85' lang='lat' dir='ltr'>est,</span> <span class='ocrx_word' id='word_1_141' title='bbox 809 1473 1034 1529; x_wconf 82' lang='lat' dir='ltr'>gratiarum</span> <span class='ocrx_word' id='word_1_142' title='bbox 1057 1473 1228 1521; x_wconf 85' lang='lat' dir='ltr'>actione,</span> <span class='ocrx_word' id='word_1_143' title='bbox 1245 1473 1332 1528; x_wconf 84' lang='lat' dir='ltr'>jam</span> <span class='ocrx_word' id='word_1_144' title='bbox 1355 1471 1563 1519; x_wconf 77' lang='lat' dir='ltr'>dicamus3</span> <span class='ocrx_word' id='word_1_145' title='bbox 1597 1480 1659 1513; x_wconf 84' lang='lat' dir='ltr'>est</span> 
     </span>
     <span class='ocr_line' id='line_1_20' title="bbox 271 1539 1660 1597; baseline -0.004 -12"><span class='ocrx_word' id='word_1_146' title='bbox 271 1544 380 1585; x_wconf 90' lang='lat' dir='ltr'>enim</span> <span class='ocrx_word' id='word_1_147' title='bbox 410 1544 559 1584; x_wconf 89' lang='lat' dir='ltr'>horum</span> <span class='ocrx_word' id='word_1_148' title='bbox 588 1557 683 1584; x_wconf 90' lang='lat' dir='ltr'>cum</span> <span class='ocrx_word' id='word_1_149' title='bbox 714 1540 994 1597; x_wconf 89' lang='lat' dir='ltr'>superioribus</span> <span class='ocrx_word' id='word_1_150' title='bbox 1022 1540 1234 1596; x_wconf 88' lang='lat' dir='ltr'>implicita,</span> <span class='ocrx_word' id='word_1_151' title='bbox 1257 1549 1297 1581; x_wconf 91' lang='lat' dir='ltr'>et</span> <span class='ocrx_word' id='word_1_152' title='bbox 1327 1548 1422 1596; x_wconf 89' lang='lat' dir='ltr'>apte</span> <span class='ocrx_word' id='word_1_153' title='bbox 1452 1539 1660 1580; x_wconf 86' lang='lat' dir='ltr'>cohaerens</span> 
     </span>
     <span class='ocr_line' id='line_1_21' title="bbox 272 1613 388 1654; baseline 0 -1"><span class='ocrx_word' id='word_1_154' title='bbox 272 1613 388 1654; x_wconf 88' lang='lat' dir='ltr'>ratio.</span> 
     </span>
    </p>

    <p class='ocr_par' dir='ltr' id='par_1_6' title="bbox 276 1675 1664 1870">
     <span class='ocr_line' id='line_1_22' title="bbox 330 1675 1662 1736; baseline -0.004 -15"><span class='ocrx_word' id='word_1_155' title='bbox 330 1682 387 1721; x_wconf 89' lang='lat' dir='ltr'>A.</span> <span class='ocrx_word' id='word_1_156' title='bbox 420 1679 648 1736; x_wconf 86' lang='lat' dir='ltr'>Aptissime</span> <span class='ocrx_word' id='word_1_157' title='bbox 678 1678 887 1734; x_wconf 81' lang='lat' dir='ltr'>profecto;</span> <span class='ocrx_word' id='word_1_158' title='bbox 921 1686 968 1718; x_wconf 88' lang='lat' dir='ltr'>ut</span> <span class='ocrx_word' id='word_1_159' title='bbox 984 1692 1080 1733; x_wconf 86' lang='lat' dir='ltr'>quae</span> <span class='ocrx_word' id='word_1_160' title='bbox 1101 1677 1154 1717; x_wconf 85' lang='lat' dir='ltr'>ad</span> <span class='ocrx_word' id='word_1_161' title='bbox 1174 1676 1351 1732; x_wconf 86' lang='lat' dir='ltr'>priorem</span> <span class='ocrx_word' id='word_1_162' title='bbox 1374 1675 1475 1732; x_wconf 86' lang='lat' dir='ltr'>legis</span> <span class='ocrx_word' id='word_1_163' title='bbox 1495 1675 1662 1717; x_wconf 89' lang='lat' dir='ltr'>Divinae</span> 
     </span>
     <span class='ocr_line' id='line_1_23' title="bbox 276 1742 1664 1800; baseline -0.004 -12"><span class='ocrx_word' id='word_1_164' title='bbox 276 1747 457 1788; x_wconf 82' lang='lat' dir='ltr'>tabulam</span> <span class='ocrx_word' id='word_1_165' title='bbox 479 1747 731 1796; x_wconf 87' lang='lat' dir='ltr'>referuntur,</span> <span class='ocrx_word' id='word_1_166' title='bbox 753 1745 966 1800; x_wconf 87' lang='lat' dir='ltr'>officiaque</span> <span class='ocrx_word' id='word_1_167' title='bbox 989 1753 1022 1773; x_wconf 80' lang='lat'>¹¹¹</span> <span class='ocrx_word' id='word_1_168' title='bbox 1036 1744 1200 1800; x_wconf 87' lang='lat' dir='ltr'>pietatis</span> <span class='ocrx_word' id='word_1_169' title='bbox 1220 1744 1262 1784; x_wconf 91' lang='lat' dir='ltr'>in</span> <span class='ocrx_word' id='word_1_170' title='bbox 1283 1745 1423 1785; x_wconf 90' lang='lat' dir='ltr'>Deum</span> <span class='ocrx_word' id='word_1_171' title='bbox 1452 1742 1664 1799; x_wconf 79' lang='lat' dir='ltr'>praecipua</span> 
     </span>
     <span class='ocr_line' id='line_1_24' title="bbox 276 1814 620 1870; baseline -0.009 -14"><span class='ocrx_word' id='word_1_172' title='bbox 276 1814 620 1870; x_wconf 80' lang='lat' dir='ltr'>complectuntur.</span> 
     </span>
    </p>

    <p class='ocr_par' dir='ltr' id='par_1_7' title="bbox 335 1877 1591 1936">
     <span class='ocr_line' id='line_1_25' title="bbox 335 1877 1591 1936; baseline -0.005 -14"><span class='ocrx_word' id='word_1_173' title='bbox 335 1883 399 1922; x_wconf 95' lang='lat' dir='ltr'>M.</span> <span class='ocrx_word' id='word_1_174' title='bbox 436 1882 489 1922; x_wconf 92' lang='lat' dir='ltr'>In</span> <span class='ocrx_word' id='word_1_175' title='bbox 509 1879 752 1936; x_wconf 84' lang='lat' dir='ltr'>explicanda</span> <span class='ocrx_word' id='word_1_176' title='bbox 772 1878 969 1928; x_wconf 85' lang='lat' dir='ltr'>oratione,</span> <span class='ocrx_word' id='word_1_177' title='bbox 987 1892 1110 1933; x_wconf 90' lang='lat' dir='ltr'>quem</span> <span class='ocrx_word' id='word_1_178' title='bbox 1131 1877 1317 1918; x_wconf 89' lang='lat' dir='ltr'>ordinem</span> <span class='ocrx_word' id='word_1_179' title='bbox 1340 1878 1591 1933; x_wconf 85' lang='lat' dir='ltr'>sequemur?</span> 
     </span>
    </p>

    <p class='ocr_par' dir='ltr' id='par_1_8' title="bbox 279 1944 1669 2140">
     <span class='ocr_line' id='line_1_26' title="bbox 336 1944 1666 2001; baseline -0.004 -11"><span class='ocrx_word' id='word_1_180' title='bbox 336 1951 391 1990; x_wconf 89' lang='lat' dir='ltr'>A.</span> <span class='ocrx_word' id='word_1_181' title='bbox 425 1950 569 1999; x_wconf 90' lang='lat' dir='ltr'>Hunc,</span> <span class='ocrx_word' id='word_1_182' title='bbox 592 1948 624 1989; x_wconf 89' lang='lat' dir='ltr'>si</span> <span class='ocrx_word' id='word_1_183' title='bbox 644 1948 701 1989; x_wconf 87' lang='lat' dir='ltr'>ita</span> <span class='ocrx_word' id='word_1_184' title='bbox 722 1947 796 1988; x_wconf 91' lang='lat' dir='ltr'>tibi</span> <span class='ocrx_word' id='word_1_185' title='bbox 817 1946 1040 1996; x_wconf 84' lang='lat' dir='ltr'>videbitur,</span> <span class='ocrx_word' id='word_1_186' title='bbox 1064 1947 1314 2001; x_wconf 73' lang='lat' dir='ltr'>Praeceptor,</span> <span class='ocrx_word' id='word_1_187' title='bbox 1336 1954 1383 1985; x_wconf 91' lang='lat' dir='ltr'>ut</span> <span class='ocrx_word' id='word_1_188' title='bbox 1407 1945 1542 2001; x_wconf 90' lang='lat' dir='ltr'>primo</span> <span class='ocrx_word' id='word_1_189' title='bbox 1561 1944 1666 1995; x_wconf 88' lang='lat' dir='ltr'>loco,</span> 
     </span>
     <span class='ocr_line' id='line_1_27' title="bbox 279 2012 1669 2073; baseline -0.004 -14"><span class='ocrx_word' id='word_1_190' title='bbox 279 2017 373 2073; x_wconf 88' lang='lat' dir='ltr'>quis</span> <span class='ocrx_word' id='word_1_191' title='bbox 403 2017 455 2058; x_wconf 86' lang='lat' dir='ltr'>sit</span> <span class='ocrx_word' id='word_1_192' title='bbox 484 2017 691 2064; x_wconf 82' lang='lat' dir='ltr'>orandus3</span> <span class='ocrx_word' id='word_1_193' title='bbox 726 2014 919 2065; x_wconf 91' lang='lat' dir='ltr'>secundo,</span> <span class='ocrx_word' id='word_1_194' title='bbox 941 2029 1026 2069; x_wconf 85' lang='lat' dir='ltr'>qua</span> <span class='ocrx_word' id='word_1_195' title='bbox 1053 2014 1228 2061; x_wconf 78' lang='lat' dir='ltr'>fiducia3</span> <span class='ocrx_word' id='word_1_196' title='bbox 1263 2013 1397 2063; x_wconf 87' lang='lat' dir='ltr'>tertio,</span> <span class='ocrx_word' id='word_1_197' title='bbox 1430 2028 1514 2069; x_wconf 87' lang='lat' dir='ltr'>qua</span> <span class='ocrx_word' id='word_1_198' title='bbox 1543 2012 1669 2053; x_wconf 88' lang='lat' dir='ltr'>animi</span> 
     </span>
     <span class='ocr_line' id='line_1_28' title="bbox 280 2081 1418 2140; baseline -0.004 -14"><span class='ocrx_word' id='word_1_199' title='bbox 280 2085 519 2133; x_wconf 84' lang='lat' dir='ltr'>affectione;</span> <span class='ocrx_word' id='word_1_200' title='bbox 552 2092 716 2140; x_wconf 88' lang='lat' dir='ltr'>quarto,</span> <span class='ocrx_word' id='word_1_201' title='bbox 739 2083 842 2139; x_wconf 86' lang='lat' dir='ltr'>quid</span> <span class='ocrx_word' id='word_1_202' title='bbox 861 2081 1065 2123; x_wconf 85' lang='lat' dir='ltr'>orandum</span> <span class='ocrx_word' id='word_1_203' title='bbox 1086 2081 1137 2122; x_wconf 84' lang='lat' dir='ltr'>sit</span> <span class='ocrx_word' id='word_1_204' title='bbox 1156 2081 1418 2137; x_wconf 80' lang='lat' dir='ltr'>explicemus.</span> 
     </span>
    </p>

    <p class='ocr_par' dir='ltr' id='par_1_9' title="bbox 284 2149 1671 2262">
     <span class='ocr_line' id='line_1_29' title="bbox 340 2149 1671 2207; baseline -0.003 -14"><span class='ocrx_word' id='word_1_205' title='bbox 340 2154 406 2195; x_wconf 90' lang='lat' dir='ltr'>M.</span> <span class='ocrx_word' id='word_1_206' title='bbox 438 2153 626 2194; x_wconf 91' lang='lat' dir='ltr'>Primum</span> <span class='ocrx_word' id='word_1_207' title='bbox 646 2151 775 2207; x_wconf 88' lang='lat' dir='ltr'>igitur</span> <span class='ocrx_word' id='word_1_208' title='bbox 795 2150 862 2191; x_wconf 91' lang='lat' dir='ltr'>dic</span> <span class='ocrx_word' id='word_1_209' title='bbox 881 2149 982 2190; x_wconf 86' lang='lat' dir='ltr'>mihi</span> <span class='ocrx_word' id='word_1_210' title='bbox 1003 2164 1128 2205; x_wconf 91' lang='lat' dir='ltr'>quem</span> <span class='ocrx_word' id='word_1_211' title='bbox 1158 2149 1435 2190; x_wconf 87' lang='lat' dir='ltr'>invocandum</span> <span class='ocrx_word' id='word_1_212' title='bbox 1464 2164 1549 2190; x_wconf 88' lang='lat' dir='ltr'>esse</span> <span class='ocrx_word' id='word_1_213' title='bbox 1579 2162 1671 2189; x_wconf 90' lang='lat' dir='ltr'>cen-</span> 
     </span>
     <span class='ocr_line' id='line_1_30' title="bbox 284 2223 401 2262; baseline -0.009 0"><span class='ocrx_word' id='word_1_214' title='bbox 284 2223 401 2262; x_wconf 85' lang='lat' dir='ltr'>seas?</span> 
     </span>
    </p>
   </div>
   <div class='ocr_carea' id='block_1_6' title="bbox 341 2284 1675 2477">
    <p class='ocr_par' dir='ltr' id='par_1_10' title="bbox 341 2284 1675 2477">
     <span class='ocr_line' id='line_1_31' title="bbox 341 2284 1248 2344; baseline -0.006 -15"><span class='ocrx_word' id='word_1_215' title='bbox 341 2291 396 2329; x_wconf 92' lang='lat' dir='ltr'>A.</span> <span class='ocrx_word' id='word_1_216' title='bbox 430 2287 607 2330; x_wconf 90' lang='lat' dir='ltr'>Nullum</span> <span class='ocrx_word' id='word_1_217' title='bbox 628 2287 827 2344; x_wconf 88' lang='lat' dir='ltr'>profecto,</span> <span class='ocrx_word' id='word_1_218' title='bbox 844 2286 921 2327; x_wconf 85' lang='lat' dir='ltr'>nisi</span> <span class='ocrx_word' id='word_1_219' title='bbox 942 2287 1081 2326; x_wconf 91' lang='lat' dir='ltr'>Deum</span> <span class='ocrx_word' id='word_1_220' title='bbox 1104 2284 1248 2325; x_wconf 88' lang='lat' dir='ltr'>solum.</span> 
     </span>
     <span class='ocr_line' id='line_1_32' title="bbox 345 2356 661 2406; baseline -0.003 -9"><span class='ocrx_word' id='word_1_221' title='bbox 345 2358 408 2397; x_wconf 92' lang='lat' dir='ltr'>M.</span> <span class='ocrx_word' id='word_1_222' title='bbox 442 2356 554 2406; x_wconf 80' lang='lat' dir='ltr'>Quid</span> <span class='ocrx_word' id='word_1_223' title='bbox 575 2356 661 2397; x_wconf 87' lang='lat' dir='ltr'>ita?</span> 
     </span>
     <span class='ocr_line' id='line_1_33' title="bbox 345 2420 1675 2477; baseline -0.003 -12"><span class='ocrx_word' id='word_1_224' title='bbox 345 2425 403 2465; x_wconf 92' lang='lat' dir='ltr'>A.</span> <span class='ocrx_word' id='word_1_225' title='bbox 434 2423 543 2473; x_wconf 81' lang='lat' dir='ltr'>Quia</span> <span class='ocrx_word' id='word_1_226' title='bbox 561 2423 604 2464; x_wconf 90' lang='lat' dir='ltr'>in</span> <span class='ocrx_word' id='word_1_227' title='bbox 625 2421 707 2464; x_wconf 86' lang='lat' dir='ltr'>Dei</span> <span class='ocrx_word' id='word_1_228' title='bbox 727 2420 851 2462; x_wconf 89' lang='lat' dir='ltr'>unius</span> <span class='ocrx_word' id='word_1_229' title='bbox 871 2436 1011 2471; x_wconf 88' lang='lat' dir='ltr'>manu,</span> <span class='ocrx_word' id='word_1_230' title='bbox 1034 2430 1055 2448; x_wconf 80' lang='lat'>¹¹</span> <span class='ocrx_word' id='word_1_231' title='bbox 1069 2420 1154 2462; x_wconf 88' lang='lat' dir='ltr'>vita</span> <span class='ocrx_word' id='word_1_232' title='bbox 1174 2420 1366 2476; x_wconf 85' lang='lat' dir='ltr'>salusque</span> <span class='ocrx_word' id='word_1_233' title='bbox 1382 2428 1522 2461; x_wconf 85' lang='lat' dir='ltr'>nostra</span> <span class='ocrx_word' id='word_1_234' title='bbox 1541 2420 1675 2477; x_wconf 85' lang='lat' dir='ltr'>posita</span> 
     </span>
    </p>
   </div>
   <div class='ocr_carea' id='block_1_7' title="bbox 291 2567 1680 2719">
    <p class='ocr_par' dir='ltr' id='par_1_11' title="bbox 291 2567 1680 2719">
     <span class='ocr_line' id='line_1_34' title="bbox 334 2567 1677 2612; baseline -0.004 -9"><span class='ocrx_word' id='word_1_235' title='bbox 334 2574 348 2593; x_wconf 75' lang='lat'>¹¹</span> <span class='ocrx_word' id='word_1_236' title='bbox 373 2573 455 2603; x_wconf 82' lang='lat' dir='ltr'>Mat.</span> <span class='ocrx_word' id='word_1_237' title='bbox 472 2573 537 2603; x_wconf 76' lang='lat' dir='ltr'>xvi.</span> <span class='ocrx_word' id='word_1_238' title='bbox 557 2580 587 2612; x_wconf 88' lang='lat'>7,</span> <span class='ocrx_word' id='word_1_239' title='bbox 603 2572 635 2609; x_wconf 85' lang='lat'>8,</span> <span class='ocrx_word' id='word_1_240' title='bbox 653 2582 686 2611; x_wconf 90' lang='grc'>9,</span> <span class='ocrx_word' id='word_1_241' title='bbox 707 2581 756 2602; x_wconf 83' lang='lat'>11.</span> <span class='ocrx_word' id='word_1_242' title='bbox 801 2571 880 2601; x_wconf 88' lang='lat' dir='ltr'>Luc.</span> <span class='ocrx_word' id='word_1_243' title='bbox 906 2570 993 2601; x_wconf 85' lang='lat' dir='ltr'>xviii.</span> <span class='ocrx_word' id='word_1_244' title='bbox 1017 2579 1070 2609; x_wconf 72' lang='lat'>34.</span> <span class='ocrx_word' id='word_1_245' title='bbox 1117 2570 1211 2600; x_wconf 91' lang='lat' dir='ltr'>Rom.</span> <span class='ocrx_word' id='word_1_246' title='bbox 1235 2569 1302 2599; x_wconf 85' lang='lat' dir='ltr'>viii.</span> <span class='ocrx_word' id='word_1_247' title='bbox 1327 2567 1358 2605; x_wconf 91' lang='lat'>6,</span> <span class='ocrx_word' id='word_1_248' title='bbox 1380 2575 1408 2608; x_wconf 94' lang='lat'><strong>7.</strong></span> <span class='ocrx_word' id='word_1_249' title='bbox 1453 2578 1464 2598; x_wconf 84' lang='grc' dir='ltr'>ι</span> <span class='ocrx_word' id='word_1_250' title='bbox 1485 2569 1558 2599; x_wconf 79' lang='lat' dir='ltr'>Cor.</span> <span class='ocrx_word' id='word_1_251' title='bbox 1574 2567 1607 2598; x_wconf 90' lang='lat' dir='ltr'>ii.</span> <span class='ocrx_word' id='word_1_252' title='bbox 1628 2574 1677 2606; x_wconf 84' lang='lat'>14.</span> 
     </span>
     <span class='ocr_line' id='line_1_35' title="bbox 291 2621 1675 2665; baseline -0.004 -10"><span class='ocrx_word' id='word_1_253' title='bbox 291 2625 299 2646; x_wconf 79' lang='lat' dir='ltr'>i</span> <span class='ocrx_word' id='word_1_254' title='bbox 317 2626 398 2656; x_wconf 82' lang='lat' dir='ltr'>Mat.</span> <span class='ocrx_word' id='word_1_255' title='bbox 415 2626 458 2655; x_wconf 86' lang='lat' dir='ltr'>vi.</span> <span class='ocrx_word' id='word_1_256' title='bbox 474 2635 527 2665; x_wconf 84' lang='lat'><strong>30.</strong></span> <span class='ocrx_word' id='word_1_257' title='bbox 551 2625 619 2655; x_wconf 87' lang='lat' dir='ltr'>viii.</span> <span class='ocrx_word' id='word_1_258' title='bbox 638 2625 687 2656; x_wconf 84' lang='lat'><strong>26.</strong></span> <span class='ocrx_word' id='word_1_259' title='bbox 712 2624 777 2655; x_wconf 86' lang='lat' dir='ltr'>xvi.</span> <span class='ocrx_word' id='word_1_260' title='bbox 796 2624 826 2655; x_wconf 91' lang='lat'><strong>8.</strong></span> <span class='ocrx_word' id='word_1_261' title='bbox 850 2624 914 2655; x_wconf 85' lang='lat' dir='ltr'>xiv.</span> <span class='ocrx_word' id='word_1_262' title='bbox 929 2634 982 2663; x_wconf 80' lang='lat'><strong>31.</strong></span> <span class='ocrx_word' id='word_1_263' title='bbox 1134 2622 1148 2643; x_wconf 79' lang='lat' dir='ltr'>k</span> <span class='ocrx_word' id='word_1_264' title='bbox 1168 2623 1250 2653; x_wconf 81' lang='lat' dir='ltr'>Mat.</span> <span class='ocrx_word' id='word_1_265' title='bbox 1268 2622 1333 2652; x_wconf 85' lang='lat' dir='ltr'>xvi.</span> <span class='ocrx_word' id='word_1_266' title='bbox 1355 2629 1401 2662; x_wconf 89' lang='lat'>¹7·</span> <span class='ocrx_word' id='word_1_267' title='bbox 1424 2622 1503 2652; x_wconf 87' lang='lat' dir='ltr'>Luc.</span> <span class='ocrx_word' id='word_1_268' title='bbox 1520 2621 1607 2651; x_wconf 80' lang='lat' dir='ltr'>xxiv.</span> <span class='ocrx_word' id='word_1_269' title='bbox 1622 2629 1675 2661; x_wconf 85' lang='lat'><strong>45.</strong></span> 
     </span>
     <span class='ocr_line' id='line_1_36' title="bbox 293 2675 1680 2719; baseline -0.005 -8"><span class='ocrx_word' id='word_1_270' title='bbox 293 2679 400 2711; x_wconf 90' lang='lat' dir='ltr'>Colos.</span> <span class='ocrx_word' id='word_1_271' title='bbox 418 2679 440 2709; x_wconf 90' lang='lat' dir='ltr'>i.</span> <span class='ocrx_word' id='word_1_272' title='bbox 455 2689 486 2719; x_wconf 93' lang='lat'>9.</span> <span class='ocrx_word' id='word_1_273' title='bbox 511 2689 527 2709; x_wconf 92' lang='lat'><strong>2</strong></span> <span class='ocrx_word' id='word_1_274' title='bbox 545 2679 633 2710; x_wconf 89' lang='lat' dir='ltr'>Tim.</span> <span class='ocrx_word' id='word_1_275' title='bbox 650 2679 682 2709; x_wconf 90' lang='lat' dir='ltr'>ii.</span> <span class='ocrx_word' id='word_1_276' title='bbox 704 2686 732 2718; x_wconf 91' lang='lat'><strong>7.</strong></span> <span class='ocrx_word' id='word_1_277' title='bbox 819 2677 826 2698; x_wconf 90' lang='lat'>¹</span> <span class='ocrx_word' id='word_1_278' title='bbox 842 2679 922 2709; x_wconf 91' lang='lat' dir='ltr'>Luc.</span> <span class='ocrx_word' id='word_1_279' title='bbox 939 2678 1017 2708; x_wconf 88' lang='lat' dir='ltr'>xvii.</span> <span class='ocrx_word' id='word_1_280' title='bbox 1034 2687 1065 2717; x_wconf 89' lang='lat'>5.</span> <span class='ocrx_word' id='word_1_281' title='bbox 1151 2682 1174 2696; x_wconf 80' lang='lat'>&#39;¹¹</span> <span class='ocrx_word' id='word_1_282' title='bbox 1190 2677 1271 2707; x_wconf 82' lang='lat' dir='ltr'>Psal.</span> <span class='ocrx_word' id='word_1_283' title='bbox 1290 2677 1312 2707; x_wconf 92' lang='lat' dir='ltr'>l.</span> <span class='ocrx_word' id='word_1_284' title='bbox 1333 2684 1384 2716; x_wconf 88' lang='lat'>15,</span> <span class='ocrx_word' id='word_1_285' title='bbox 1404 2684 1453 2715; x_wconf 87' lang='lat'><strong>23.</strong></span> <span class='ocrx_word' id='word_1_286' title='bbox 1478 2676 1548 2706; x_wconf 89' lang='lat' dir='ltr'>Act.</span> <span class='ocrx_word' id='word_1_287' title='bbox 1563 2675 1607 2704; x_wconf 88' lang='lat' dir='ltr'>ix.</span> <span class='ocrx_word' id='word_1_288' title='bbox 1627 2683 1680 2705; x_wconf 82' lang='lat'><strong>21.</strong></span> 
     </span>
    </p>
   </div>
   <div class='ocr_carea' id='block_1_8' title="bbox 292 2728 1680 2825">
    <p class='ocr_par' dir='ltr' id='par_1_12' title="bbox 292 2728 1680 2825">
     <span class='ocr_line' id='line_1_37' title="bbox 292 2728 1680 2770; baseline -0.004 -7"><span class='ocrx_word' id='word_1_289' title='bbox 292 2733 388 2763; x_wconf 90' lang='lat' dir='ltr'>Rom.</span> <span class='ocrx_word' id='word_1_290' title='bbox 405 2742 436 2762; x_wconf 86' lang='lat' dir='ltr'><strong>x.</strong></span> <span class='ocrx_word' id='word_1_291' title='bbox 456 2741 505 2762; x_wconf 86' lang='lat'><strong>12.</strong></span> <span class='ocrx_word' id='word_1_292' title='bbox 529 2742 582 2761; x_wconf 85' lang='lat' dir='ltr'><strong>xv.</strong></span> <span class='ocrx_word' id='word_1_293' title='bbox 599 2731 629 2762; x_wconf 90' lang='lat'><strong>6.</strong></span> <span class='ocrx_word' id='word_1_294' title='bbox 657 2740 673 2761; x_wconf 91' lang='lat'><strong>2</strong></span> <span class='ocrx_word' id='word_1_295' title='bbox 692 2731 767 2762; x_wconf 89' lang='lat' dir='ltr'>Cor.</span> <span class='ocrx_word' id='word_1_296' title='bbox 783 2731 805 2761; x_wconf 84' lang='lat' dir='ltr'>i.</span> <span class='ocrx_word' id='word_1_297' title='bbox 823 2741 854 2768; x_wconf 86' lang='lat'>2,</span> <span class='ocrx_word' id='word_1_298' title='bbox 872 2741 904 2769; x_wconf 86' lang='lat'><strong>4.</strong></span> <span class='ocrx_word' id='word_1_299' title='bbox 927 2741 943 2761; x_wconf 90' lang='lat'><strong>2</strong></span> <span class='ocrx_word' id='word_1_300' title='bbox 961 2731 1049 2762; x_wconf 85' lang='lat' dir='ltr'>Tim.</span> <span class='ocrx_word' id='word_1_301' title='bbox 1066 2731 1099 2760; x_wconf 87' lang='lat' dir='ltr'>ii.</span> <span class='ocrx_word' id='word_1_302' title='bbox 1117 2740 1167 2761; x_wconf 88' lang='lat'><strong>22.</strong></span> <span class='ocrx_word' id='word_1_303' title='bbox 1197 2740 1209 2761; x_wconf 85' lang='lat'>1</span> <span class='ocrx_word' id='word_1_304' title='bbox 1228 2731 1296 2762; x_wconf 81' lang='lat' dir='ltr'>Pet.</span> <span class='ocrx_word' id='word_1_305' title='bbox 1312 2731 1335 2761; x_wconf 92' lang='lat' dir='ltr'>i.</span> <span class='ocrx_word' id='word_1_306' title='bbox 1353 2737 1400 2770; x_wconf 85' lang='lat'><strong>17.</strong></span> <span class='ocrx_word' id='word_1_307' title='bbox 1563 2735 1577 2748; x_wconf 89' lang='lat'>¹¹</span> <span class='ocrx_word' id='word_1_308' title='bbox 1595 2728 1680 2759; x_wconf 87' lang='lat' dir='ltr'>Psal.</span> 
     </span>
     <span class='ocr_line' id='line_1_38' title="bbox 293 2783 1127 2825; baseline -0.004 -9"><span class='ocrx_word' id='word_1_309' title='bbox 293 2785 371 2816; x_wconf 84' lang='lat' dir='ltr'>xvii.</span> <span class='ocrx_word' id='word_1_310' title='bbox 389 2792 421 2825; x_wconf 86' lang='lat'>7,</span> <span class='ocrx_word' id='word_1_311' title='bbox 434 2784 465 2815; x_wconf 90' lang='lat'><strong>8.</strong></span> <span class='ocrx_word' id='word_1_312' title='bbox 489 2783 576 2815; x_wconf 85' lang='lat' dir='ltr'>xxvi.</span> <span class='ocrx_word' id='word_1_313' title='bbox 596 2794 621 2815; x_wconf 73' lang='grc' dir='ltr'>ι,</span> <span class='ocrx_word' id='word_1_314' title='bbox 646 2784 758 2815; x_wconf 86' lang='lat' dir='ltr'>xxviii.</span> <span class='ocrx_word' id='word_1_315' title='bbox 775 2784 806 2814; x_wconf 82' lang='lat'><strong>8.</strong></span> <span class='ocrx_word' id='word_1_316' title='bbox 828 2784 955 2815; x_wconf 75' lang='lat' dir='ltr'>lxxviii.</span> <span class='ocrx_word' id='word_1_317' title='bbox 975 2785 1032 2814; x_wconf 86' lang='lat' dir='ltr'>civ.</span> <span class='ocrx_word' id='word_1_318' title='bbox 1048 2788 1127 2814; x_wconf 90' lang='lat' dir='ltr'>toto.</span> 
     </span>
    </p>
   </div>
  </div>
 </body>
</html>
