1799 3077
283 103 365 142 120
680 102 907 143 JUELLI
942 102 1275 144 APOLOGIA.

275 214 401 270 juxta
438 214 544 256 hanc
579 214 701 265 viam,
738 230 864 270 quam
906 215 971 257 isti
1012 216 1223 272 appellant
1258 214 1461 266 haeresim,
1502 215 1674 257 colimus

282 284 437 334 Deum,
459 291 499 324 et
519 291 678 339 patrem
701 282 873 323 Domini
899 283 1027 324 nostri
1055 285 1085 325 J
1089 299 1161 325 esu
1193 283 1363 334 Christi,
1384 292 1425 324 et
1455 283 1675 340 recipimus

282 351 432 402 omnia,
454 366 549 407 quae
569 360 642 392 aut
660 350 703 390 in
725 351 855 406 Lege,
877 360 950 392 aut
969 351 1011 392 in
1033 352 1270 408 Prophetis,
1293 360 1366 393 aut
1386 351 1428 392 in
1451 351 1676 408 Apostolo-

283 434 375 459 rum
395 418 510 459 libris
532 417 685 474 scripta
705 426 813 458 sunt.

340 488 478 538 Quare
499 486 531 527 si
552 501 625 527 nos
647 501 790 527 sumus
816 486 1012 537 haeretici,
1034 487 1067 528 si
1096 487 1163 528 isti
1194 495 1290 528 sunt
1311 487 1446 542 (quod
1475 487 1674 544 appellari

282 555 448 610 volunt)
471 553 674 604 catholici,
698 569 772 594 cur
794 568 876 594 non
896 553 1055 596 faciunt
1074 554 1132 605 id,
1153 554 1265 610 quod
1283 553 1426 595 vident
1446 556 1592 596 Patres
1611 571 1676 596 ca-

282 624 453 665 tholicos
482 622 592 663 viros
621 636 781 677 semper
810 621 981 662 fecisse?
1024 623 1112 663 Cur
1141 637 1216 663 nos
1246 637 1268 662 e
1298 621 1421 662 sacris
1453 621 1677 679 Scripturis

282 708 366 734 non
387 690 659 733 convincunt?
693 692 784 731 Cur
803 705 877 731 nos
897 690 951 731 ad
971 690 1136 732 illarum
1158 705 1331 732 examen
1351 705 1434 731 non
1455 693 1675 731 revocant?

284 763 373 804 Cur
394 776 469 801 nos
489 774 571 800 non
592 758 818 800 ostendunt
837 774 862 799 a
890 758 1071 810 Christo,
1094 774 1119 800 a
1149 758 1384 815 Prophetis,
1408 759 1461 800 ab
1492 761 1676 815 Aposto-

282 829 344 879 lis,
367 844 392 869 a
411 827 560 869 sanctis
588 826 784 867 Patribus
812 826 1070 867 discessisse?
1104 826 1217 877 Quid
1247 826 1435 867 haerent?
1469 825 1581 876 Quid
1611 826 1678 867 fu-

281 896 432 952 giunt?
464 897 545 937 Est
565 894 647 936 Dei
667 909 800 935 causa.
853 895 942 935 Cur
963 910 1052 935 eam
1074 894 1270 936 dubitant
1289 894 1528 950 permittere
1548 895 1676 936 verbo

283 963 393 1004 Dei?
427 962 551 1013 Quod
572 962 604 1002 si
624 977 699 1003 nos
727 977 871 1002 sumus
899 961 1096 1013 haeretici,
1119 962 1192 1019 qui
1223 977 1364 1002 omnes
1393 970 1554 1002 nostras
1583 976 1678 1002 con-

283 1031 499 1073 troversias
518 1030 733 1071 referimus
760 1030 815 1071 ad
843 1045 977 1072 sacras
1006 1030 1158 1083 literas,
1180 1030 1338 1087 quique
1367 1030 1422 1071 ad
1451 1029 1541 1070 illas
1569 1029 1678 1086 ipsas

283 1116 414 1150 voces,
433 1115 536 1156 quas
553 1098 702 1140 scimus
722 1114 747 1139 a
767 1100 861 1140 Deo
881 1098 971 1156 ipso
991 1099 1250 1156 consignatas
1270 1114 1370 1149 esse,
1387 1113 1676 1155 provocamus,

283 1166 422 1224 etjllis
441 1166 520 1208 alia
539 1166 690 1217 omnia,
712 1181 974 1222 quaecunque
994 1167 1152 1223 possint
1171 1166 1224 1208 ab
1250 1165 1488 1207 hominibus
1514 1165 1678 1222 excogi-

284 1234 375 1285 tari,
407 1234 719 1291 postponimus;
754 1234 858 1290 quid
892 1234 1005 1286 istos,
1043 1250 1148 1291 quos
1181 1234 1349 1275 tandem
1382 1233 1569 1275 homines
1604 1245 1679 1275 aut

284 1301 428 1358 quales
454 1302 646 1344 convenit
673 1301 888 1358 appellari,
910 1302 983 1358 qui
1014 1318 1223 1344 sacrarum
1255 1302 1578 1358 Scripturarum,
1601 1302 1679 1343 hoc

286 1380 360 1421 est,
382 1371 464 1411 Dei
483 1370 613 1427 ipsius
628 1370 835 1427 judicium
858 1371 1144 1422 reformidant,
1166 1380 1207 1412 et
1238 1386 1312 1412 sua
1341 1370 1420 1411 illis
1451 1369 1609 1411 somnia
1637 1378 1679 1411 et

284 1437 549 1494 frigidissima
579 1447 811 1480 commenta
840 1448 1114 1495 anteponunt,
1136 1448 1178 1480 et
1207 1438 1478 1481 traditionum
1509 1453 1677 1479 suarum

284 1520 420 1556 causa,
445 1505 602 1547 Christi
622 1514 748 1562 atque
772 1506 1069 1563 Apostolorum
1099 1506 1289 1548 instituta
1317 1506 1477 1562 aliquot
1500 1506 1589 1562 jam
1619 1521 1679 1547 se-

285 1574 379 1615 cula
407 1574 645 1616 violarunt?
687 1575 827 1616 Aiunt
859 1576 1105 1632 Sophoclem
1136 1584 1301 1632 poetam
1332 1575 1551 1630 tragicum,
1583 1589 1678 1615 cum

277 1642 367 1697 jam
388 1657 512 1683 senex
533 1652 639 1684 esset
660 1652 701 1684 et
720 1653 983 1685 accusaretur
1003 1644 1117 1701 apud
1131 1643 1295 1700 judices
1316 1659 1340 1684 a
1363 1642 1457 1684 filiis
1488 1643 1571 1684 suis
1599 1658 1678 1699 pro

283 1708 428 1759 deliro,
449 1718 490 1750 et
510 1710 644 1761 fatuo,
668 1711 787 1766 quasi
808 1711 881 1767 qui
902 1727 988 1752 rem
1010 1727 1127 1752 suam
1146 1711 1387 1752 familiarem
1411 1720 1564 1752 temere
1583 1726 1679 1767 pro-

282 1776 493 1828 funderet,
514 1788 555 1818 et
574 1793 680 1834 opus
694 1778 784 1834 jam
804 1779 955 1820 habere
976 1778 1188 1820 videretur
1207 1787 1410 1829 curatore,
1433 1786 1481 1819 ut
1509 1794 1550 1819 se
1579 1794 1678 1835 pur-

282 1852 401 1900 garet
419 1860 469 1886 eo
488 1845 671 1897 crimine,
693 1847 851 1887 venisse
871 1847 914 1887 in
928 1846 1151 1903 judicium,
1173 1855 1214 1888 et
1240 1862 1336 1888 cum
1366 1846 1678 1903 pronunciasset

285 1912 495 1969 Oedipum
518 1914 747 1956 Coloneum
769 1914 1029 1971 tragoediam,
1051 1931 1077 1956 a
1099 1931 1141 1956 se
1164 1914 1244 1956 illis
1270 1914 1369 1971 ipsis
1398 1914 1561 1966 diebus,
1582 1928 1678 1956 cum

283 1990 560 2033 accusaretur,
582 1982 702 2023 valde
723 1982 930 2024 elaborate
957 1992 998 2024 et
1024 1983 1307 2040 pereleganter
1337 1982 1545 2040 scriptam,
1568 1982 1679 2024 ultro

285 2048 555 2106 interrogasse
567 2050 745 2107 judices,
765 2066 866 2092 num
886 2050 990 2092 illud
1010 2066 1174 2092 carmen
1194 2050 1406 2093 videretur
1431 2067 1517 2093 esse
1547 2050 1680 2092 homi-

285 2116 348 2157 nis
367 2117 591 2159 delirantis.

342 2186 411 2226 Ita
429 2201 504 2226 nos
523 2201 706 2242 quoque,
729 2186 925 2242 quoniam
946 2186 1033 2228 istis
1059 2187 1198 2228 furere
1219 2187 1424 2238 videmur,
1446 2196 1487 2228 et
1517 2187 1570 2228 ab
1599 2186 1679 2228 illis

287 2252 543 2295 traducimur
563 2269 639 2310 pro
658 2254 875 2305 haereticis,
898 2254 1017 2310 quasi
1038 2255 1191 2310 quibus
1212 2254 1315 2296 nihil
1337 2255 1425 2311 jam
1447 2254 1505 2295 rei
1526 2254 1577 2295 sit
1604 2269 1678 2295 nec

285 2336 379 2361 cum
403 2321 585 2374 Christo,
605 2337 680 2363 nec
701 2337 797 2363 curn
818 2322 1005 2363 Ecclesia
1032 2323 1128 2373 Dei,
1151 2338 1234 2370 non
1264 2322 1460 2373 alienum,
1483 2332 1556 2363 aut
1586 2322 1678 2363 inu-

287 2387 355 2428 tile
375 2389 463 2429 fore
483 2389 822 2440 existimavimus,
840 2390 872 2430 si
892 2399 1033 2446 aperte
1052 2399 1093 2431 et
1113 2390 1240 2432 libere
1254 2406 1536 2447 proponamus
1552 2391 1677 2432 fidem

287 2465 467 2497 nostram
488 2457 529 2498 in
551 2473 636 2514 qua
656 2467 826 2509 stamus,
849 2468 890 2499 et
914 2473 1078 2499 omnem
1103 2458 1216 2499 illam
1247 2474 1375 2515 spem,
1398 2475 1524 2515 quam
1554 2459 1679 2500 habe-

287 2538 379 2563 mus
400 2524 440 2564 in
463 2525 629 2567 Christo
646 2527 676 2567 J
680 2541 766 2577 esu,
790 2535 837 2567 ut
863 2541 1004 2567 omnes
1024 2526 1164 2568 videre
1193 2526 1366 2583 possint,
1388 2527 1490 2583 quid
1521 2542 1595 2568 nos
1624 2527 1677 2568 de

286 2607 453 2647 quaque
487 2602 604 2648 parte
638 2594 847 2651 religionis
878 2595 1124 2636 Christianae
1160 2595 1396 2647 sentiamus,
1427 2605 1466 2636 et
1497 2604 1677 2635 statuere

287 2675 424 2701 secum
455 2660 531 2716 ipsi
562 2662 732 2717 possint,
761 2678 812 2703 an
843 2679 891 2704 ea
921 2663 1062 2713 Fides,
1091 2679 1216 2719 quam
1240 2663 1440 2704 videbunt
1469 2672 1511 2703 et
1540 2661 1677 2703 verbis

289 2727 456 2778 Christi,
489 2738 530 2770 et
560 2730 860 2786 Apostolorum
892 2731 1065 2787 scriptiS,
1098 2740 1138 2773 et
1168 2731 1462 2773 catholicorum
1499 2732 1674 2772 Patrum
