1799 3077
504 145 801 186 ANNALES
833 144 1116 184 PAULINI.
1419 143 1502 185 363

115 259 258 310 lentes,
288 265 540 310 statuerunt,
571 265 618 300 ut
648 258 913 300 ascenderent
944 258 1106 299 Paulus
1136 263 1173 298 et
1203 257 1444 308 Barnabas,
1466 264 1504 299 et
1525 270 1607 298 AErae
1623 270 1708 306 vulg.

115 328 286 385 quidam
315 329 391 369 alii
417 341 469 369 ex
495 328 596 378 illis,
617 327 674 368 ad
698 327 900 384 apostolos
920 332 958 369 et
976 326 1243 383 presbyteros
1263 326 1309 365 in
1329 326 1505 367 Jerusa-
1543 312 1690 343 XLVffl·

115 397 207 447 lem,
228 411 356 454 super
375 396 452 437 hac
470 397 711 452 quaestiom,
730 411 814 436 ver.
837 397 874 436 2.
1560 402 1681 429 Claudii

175 467 272 506 Hoc
298 479 405 506 anno
433 463 602 505 ineunte
621 464 734 505 venit
764 463 807 504 in
829 462 1082 520 provinciam
1103 463 1319 504 Cumanus
1338 462 1369 502 J
1372 461 1504 503 udaeae
1600 444 1632 473 ⁸⁴

118 535 393 580 Procurator;
431 540 472 573 et
503 532 623 574 Felix
655 532 873 579 Samariae3
912 531 944 572 si
974 531 1076 572 fides
1104 529 1277 578 Tacito;
1317 529 1387 571 sed
1418 530 1504 572 sine

111 603 208 659 jure
227 601 369 658 gladii,
392 610 438 642 ut
460 609 575 657 patet
595 617 646 643 ex
668 601 855 647 Historia
874 602 903 641 J
908 599 1060 657 osephi.

175 670 334 712 Paulus
361 679 402 711 et
430 670 641 711 Barnabas
669 670 832 711 deducti
859 670 910 710 ab
930 669 1119 710 Ecclesia
1144 666 1407 709 Antiochena
1430 683 1504 724 per
1560 676 1676 705 xmx.

120 738 296 796 Syriam,
319 738 641 794 pertransibant
662 738 884 779 Pltoenieen
907 743 945 778 et
965 737 1208 778 Samariam
1219 753 1236 786 ς
1268 744 1309 777 et
1328 751 1403 792 per
1424 737 1506 777 Ec-
1562 762 1683 791 Claudii

117 807 258 849 clesias
289 806 353 847 ‘ibi
392 806 634 848 constitutas
669 806 916 847 enarrabant
948 804 1254 846 conversionem
1289 804 1505 854 Gentium,
1604 814 1634 844 9-

118 875 301 932 ipsorum
322 889 448 931 opera
467 874 510 914 in
530 874 678 915 minori
699 874 803 915 Asia
821 874 984 915 factam.
1041 875 1101 914 Et
1122 872 1344 914 Christiani
1365 888 1505 914 earum

120 943 399 986 Ecclesiarum
431 959 527 999 quae
556 943 599 984 in
627 943 842 984 Phoenicia
867 953 907 984 et
932 958 1006 999 per
1029 942 1254 983 Samariam
1273 942 1508 984 constitutae

119 1021 231 1063 sunt,
253 1027 404 1069 magno
423 1011 578 1068 gaudio
599 1011 732 1053 affecti
754 1020 862 1053 sunt.

180 1080 372 1122 Tandem
398 1080 569 1122 veniunt
597 1080 903 1137 Hierosolyma,
926 1079 998 1121 ubi
1026 1081 1204 1136 suscepti
1231 1086 1331 1121 sunt
1355 1080 1406 1120 ab
1427 1080 1509 1120 Ec-

120 1150 244 1191 clesia
278 1156 316 1191 et
351 1150 548 1206 apostolis
582 1155 620 1190 et
657 1150 917 1196 senioribu33
958 1149 1203 1189 nuntiantes
1240 1147 1434 1204 apostolis
1468 1157 1508 1188 et

122 1218 363 1269 senioribus,
395 1224 554 1274 quanta
580 1219 699 1259 Deus
715 1219 895 1273 jecisset
916 1232 999 1274 per
1028 1217 1133 1268 illos,
1163 1216 1246 1258 sive
1272 1232 1396 1273 quani
1426 1232 1509 1258 ma-

121 1301 229 1342 gnus
249 1301 445 1327 numerus
465 1286 648 1343 ipsorum
668 1302 807 1343 opera,
829 1295 918 1328 tum
940 1302 990 1327 ex
1013 1287 1042 1326 J
1047 1284 1190 1336 udaeis‚
1213 1294 1303 1326 tum
1324 1300 1375 1326 ex
1398 1285 1510 1326 Gen-

122 1354 234 1396 tibus
252 1355 295 1395 in
315 1357 457 1412 Cypro
479 1364 519 1397 et
539 1355 579 1396 in
603 1355 720 1407 Asia,
743 1371 963 1397 conversus
983 1363 1057 1396 est.

176 1425 461 1465 Surrexerunt
489 1433 628 1465 autem
656 1424 778 1465 etiam
804 1422 1105 1480 Hierosolymis
1128 1422 1300 1479 quidam
1325 1437 1375 1463 ex
1404 1422 1510 1463 Pha-

123 1491 249 1534 risaeis
270 1492 506 1543 Christiani,
529 1493 602 1549 qui
632 1493 835 1534 docebant
861 1490 1206 1533 circumcisionem
1227 1506 1312 1532 esse
1333 1506 1511 1532 necessa-

124 1561 225 1602 riam
245 1561 297 1603 ad
320 1561 504 1603 salutem.

426 1723 686 1763 CONCILIUM
721 1724 1211 1764 HIEROSOLYMITANUM

128 1808 343 1877 ANNO
392 1851 483 1877 XIV·
533 1853 557 1877 a
604 1837 882 1879 Conversione
933 1837 975 1878 S.
1028 1835 1149 1877 Pauli
1198 1844 1510 1891 congregatum.

127 1907 258 1946 Hunc
292 1905 400 1946 enim
435 1906 570 1962 ipsum
605 1906 831 1947 adventum
867 1921 988 1947 suum
1024 1913 1162 1946 narrat
1194 1903 1423 1960 Apostolus
1459 1903 1511 1945 ad

129 1974 266 2015 Galat.
297 1990 385 2031 cap.
418 1974 456 2015 ii.
488 1977 527 2025 1,
557 1977 598 2015 2.
633 1983 674 2016 et
704 1984 868 2031 tempus
903 1974 1038 2030 ipsum
1074 1971 1344 2013 determinate
1377 1973 1513 2029 expri-

126 2042 213 2083 mit.
275 2043 362 2083 Ubi
399 2043 572 2084 Grotius
606 2043 868 2085 scribendum
899 2041 990 2083 vult
1021 2043 1058 2082 4.
1095 2040 1129 2081 is
1163 2050 1301 2081 tamen
1330 2041 1514 2096 agnoscit

127 2110 238 2151 hunc
268 2111 357 2167 ejus
386 2111 611 2153 adventum
638 2112 692 2153 ad
721 2110 964 2154 Concilium.
1027 2109 1152 2160 Quod
1172 2118 1312 2149 autem
1333 2110 1514 2165 Aposto-

128 2178 192 2220 lus
221 2178 274 2220 ad
304 2179 502 2235 epocham
534 2179 821 2221 Conversionis
855 2194 941 2220 suae
970 2178 1120 2219 referat
1153 2192 1295 2227 annm,
1323 2192 1428 2233 quos
1456 2177 1512 2218 ibi

129 2257 333 2298 numerat,
354 2247 616 2289 manifestum
645 2256 705 2289 est
731 2264 783 2289 ex
809 2247 899 2304 ipso
920 2262 1042 2303 scopo
1062 2245 1205 2303 capitis
1224 2246 1249 2286 i.
1272 2254 1312 2286 et
1333 2245 1371 2286 ii.
1436 2246 1514 2286 Vo-

128 2325 195 2357 cat
230 2331 270 2357 se
305 2315 558 2372 Apostolum
598 2332 681 2357 non
720 2317 773 2358 ab
812 2316 1063 2366 hominibus,
1099 2330 1234 2371 neque
1273 2329 1348 2370 per
1386 2313 1515 2354 homi-

129 2399 237 2435 nem,
260 2399 347 2440 cap.
370 2383 397 2425 i.
414 2385 452 2424 1.
481 2383 600 2425 docet
620 2385 898 2441 Evangelium
926 2398 1048 2425 suum
1075 2398 1157 2424 non
1182 2397 1267 2423 esse
1288 2380 1512 2422 secundum

130 2452 352 2502 hominem,
390 2468 524 2508 neque
559 2468 600 2494 se
634 2452 738 2494 illud
774 2453 827 2494 ab
861 2451 1259 2510 liomine‚accepisse
1298 2460 1371 2491 aut
1411 2449 1516 2490 didi-

128 2521 242 2571 cisse,
265 2521 336 2562 sed
363 2536 437 2577 per
464 2521 752 2563 revelationem
779 2523 809 2562 J
813 2536 885 2562 esu
907 2520 1077 2570 Christi,
1100 2534 1187 2560 ver.
1204 2520 1272 2568 11,
1293 2520 1357 2558 12.
1420 2519 1515 2559 Hoc

130 2606 227 2631 vero
253 2589 413 2631 Galatis
442 2589 694 2630 demonstrat
723 2605 775 2631 ex
804 2588 1109 2630 conversatione
1137 2603 1212 2628 sua
1239 2586 1319 2627 illis
1348 2602 1431 2627 non
1456 2587 1516 2627 in-

129 2658 317 2715 cognita3
351 2658 470 2713 cujus
496 2672 591 2713 pars
617 2657 751 2713 prima
775 2657 857 2698 fuit
879 2656 1078 2713 professio
1099 2655 1350 2696 strictissima
1368 2656 1398 2695 J
1402 2655 1517 2696 udai-

131 2743 190 2768 cae
219 2726 426 2782 religionis
458 2726 684 2767 secundum
714 2726 957 2776 Pharisaeos,
986 2741 1081 2781 quae
1107 2724 1227 2765 desiit
1252 2724 1294 2764 in
1322 2724 1518 2765 acerrima

132 2795 413 2850 persecutione
435 2795 780 2837 Christianorum.
838 2796 953 2836 Tum
979 2794 1146 2835 demum
1168 2792 1304 2850 pergit
1325 2802 1365 2833 et
1385 2801 1519 2833 osten-

129 2862 203 2910 dit,
233 2865 442 2919 quomodo
468 2865 584 2905 Deus
611 2863 805 2906 revelavit
832 2863 868 2905 ei
894 2862 1049 2904 Filium
1071 2877 1209 2911 suum,
1233 2871 1273 2902 et
1293 2861 1404 2917 quod
1428 2870 1515 2901 tum
