1799 3077
538 98 769 140 JUELLI
802 98 1141 139 APOLOGIA.
1448 101 1531 144 167

145 210 330 267 possint;
363 211 452 252 aliis
471 211 579 253 enim
601 211 856 268 temporibus
877 209 1087 260 Ecclesiae,
1109 209 1188 250 alia
1207 218 1332 265 atque
1357 211 1435 252 alia
1460 213 1529 254 de-

142 288 253 320 creta
272 279 499 321 convenire.
560 281 707 335 Atque
726 280 784 320 ita
805 294 890 321 sese
910 278 1072 319 abdunt
1093 277 1170 318 sub
1196 277 1360 318 nomine
1387 280 1525 320 Eccle-

142 347 226 398 siae,
248 356 289 389 et
314 347 425 389 inani
451 348 549 388 fuco
579 347 735 389 miseris
764 346 1006 388 mortalibus
1035 345 1229 386 illudunt.
1290 346 1347 387 Et
1377 346 1526 386 mirum

140 424 215 465 est,
238 424 311 456 aut
331 415 389 456 ita
409 431 536 456 caecos
556 431 641 455 esse
668 415 867 464 homines,
892 423 938 455 ut
967 413 1044 454 ista
1064 413 1202 454 videre
1232 428 1315 453 non
1344 413 1524 469 possint;

139 492 213 523 aut
239 482 270 523 si
291 482 471 531 videant,
493 482 551 523 ita
580 498 666 523 esse
695 482 913 538 patienteS,
938 491 985 523 ut
1014 497 1063 522 ea
1092 490 1175 521 tam
1206 481 1338 532 facile,
1361 490 1527 537 tamque

139 566 261 605 aequo
281 550 418 591 animo
438 550 595 606 possint
610 551 729 591 ferre.

197 618 279 658 Sed
300 634 395 659 cum
415 618 485 659 illa
505 627 702 674 tanquam
723 618 895 659 nimium
910 618 998 674 jam
1019 625 1171 668 vetera,
1193 626 1234 657 et
1254 617 1438 659 obsoleta
1457 619 1527 675 ju-

137 686 281 727 berent
302 702 387 727 esse
412 686 541 737 irrita,
563 687 643 727 alia
672 687 864 742 quaedam
894 686 1065 727 fortasse
1094 685 1262 726 meliora
1291 695 1417 742 atque
1448 687 1527 728 uti-

135 754 238 808 liora
257 764 542 811 reposuerunt.
592 754 734 795 Solent
754 754 862 794 enim
883 754 1031 804 dicere,
1054 770 1104 794 ne
1123 753 1334 794 Christum
1356 755 1524 811 quidem

134 821 284 877 ipsum,
307 831 381 862 aut
402 821 641 877 ApostOIOS,
665 821 696 862 si
718 821 976 871 reviviscant,
997 821 1142 861 melius
1161 831 1234 862 aut
1255 822 1433 864 sanctius
1453 824 1525 865 ad-

132 889 364 930 ministrare
390 905 509 946 posse
536 889 765 930 Ecclesiam
796 889 891 940 Dei,
914 905 1040 945 quam
1071 890 1281 945 quomodo
1311 906 1421 933 nunc
1451 893 1523 934 ad-

133 957 390 999 ministratur
424 958 476 998 ab
511 957 622 1013 ipsis.
685 959 982 1013 Reposnerunt
1014 957 1073 998 illi
1107 957 1275 1013 quidem
1306 959 1409 1008 alia3
1450 963 1521 1004 sed

131 1025 486 1081 quemadmodum
518 1025 752 1066 Hieremias
781 1025 853 1076 ait,
876 1025 1043 1066 Paleam
1073 1041 1150 1082 pro
1180 1025 1340 1074 tritico;
1374 1043 1519 1084 eaque,

132 1103 179 1135 ut
204 1094 261 1135 ait
291 1094 450 1144 Esaias,
473 1110 568 1150 quae
600 1095 717 1135 Deus
747 1094 800 1135 ab
830 1093 909 1134 illis
940 1109 1022 1135 non
1052 1094 1278 1150 requisivit.
1340 1096 1521 1139 Obtura-

130 1172 229 1203 runt
259 1177 399 1203 omnes
425 1177 549 1203 venas
581 1178 702 1218 aquae
732 1162 851 1213 vivae,
880 1171 921 1203 et
955 1162 1217 1204 exsciderunt
1249 1163 1406 1219 populo
1437 1166 1519 1207 Dei

128 1230 322 1271 cisternas
341 1230 541 1280 ruinosas,
559 1239 600 1271 et
619 1230 858 1281 lutulentas,
875 1230 1017 1286 plenas
1031 1230 1130 1271 limo
1145 1239 1185 1271 et
1202 1231 1406 1283 sordibus,
1424 1249 1518 1288 quae

129 1314 203 1340 nec
222 1299 375 1339 habent
394 1314 544 1354 aquam
566 1314 729 1354 puram,
752 1314 826 1340 nec
846 1315 933 1340 eam
955 1307 1147 1354 poterant
1161 1299 1380 1341 continere.
1424 1302 1519 1342 Eri-

127 1375 309 1422 puerunt
329 1365 485 1421 populo
506 1381 659 1407 sacram
683 1366 1053 1413 Communionem;
1086 1367 1258 1407 verbum
1289 1367 1383 1416 Dei,
1406 1368 1517 1409 unde

127 1434 258 1475 omnis
278 1434 501 1475 consolatio
520 1434 700 1490 petenda
720 1443 831 1482 erat;
866 1449 1008 1475 verum
1025 1434 1184 1475 cultum
1201 1436 1242 1475 N
1246 1434 1419 1482 uminis3
1452 1451 1514 1476 re-

125 1511 240 1543 ctum
261 1518 383 1543 usum
404 1512 751 1543 sacramentorum
771 1512 812 1543 et
830 1518 1025 1558 precum3
1059 1502 1264 1544 dederunt
1283 1512 1421 1544 autem
1442 1519 1513 1545 no-

125 1570 188 1611 bis
218 1570 269 1611 de
301 1586 390 1621 suo,
412 1570 565 1626 quibus
597 1586 671 1611 nos
700 1571 864 1611 interim
894 1570 1205 1622 oblectaremus,
1229 1571 1344 1622 sales,
1366 1587 1509 1627 aquas,

124 1638 341 1694 ampullas,
365 1647 500 1694 sputa,
530 1638 798 1689 ramusculos,
826 1637 974 1687 bullas,
999 1638 1186 1694 jubilaea,
1217 1638 1509 1695 indulgentias,

123 1721 276 1756 cruces,
300 1705 475 1755 suffitus,
493 1715 534 1746 et
552 1706 760 1747 infinitum
781 1721 1000 1747 numerum
1021 1706 1371 1756 caeremoniarum,
1389 1716 1429 1747 et
1448 1707 1511 1748 lu-

122 1773 210 1824 dos,
232 1782 280 1815 ut
303 1773 479 1814 Plautus
499 1774 570 1824 ait,
592 1774 872 1815 ludificabiles.
936 1775 988 1814 In
1015 1774 1079 1814 his
1105 1774 1162 1814 illi
1192 1774 1317 1815 rebus
1346 1789 1507 1816 omnem

120 1841 359 1898 religionem
379 1841 631 1883 collocarunt
647 1859 658 1890 ς
691 1842 755 1882 his
774 1842 898 1883 rebus
918 1842 1149 1883 docuerunt
1169 1843 1308 1882 Deum
1328 1842 1405 1883 rite
1424 1843 1510 1899 pla-

119 1909 203 1950 cari
230 1925 373 1965 posse;
410 1909 474 1950 his
504 1909 615 1966 abigi
646 1911 894 1957 Daemones,
939 1910 1002 1950 his
1031 1909 1263 1950 confirmari
1293 1910 1508 1951 hominum

118 1977 394 2019 conscientias.
456 1980 564 2019 Haec
584 1978 773 2019 videlicet
804 1986 900 2019 sunt
929 1978 1155 2033 pigmenta,
1183 1986 1224 2018 et
1253 1978 1507 2033 myrothecia

118 2044 324 2100 religionis
360 2045 628 2086 Christianae:
663 2047 770 2086 Haec
806 2046 898 2085 Deo
929 2044 1084 2085 videnti
1118 2052 1237 2100 grata
1270 2053 1311 2084 et
1340 2053 1506 2100 accepta

118 2120 241 2159 sunt;
275 2112 363 2154 haec
393 2113 577 2169 oportuit
603 2113 644 2153 in
671 2113 869 2153 honorem
890 2112 1042 2165 venire,
1061 2120 1110 2152 ut
1137 2111 1291 2153 Christi
1321 2120 1361 2152 et
1388 2113 1506 2167 Apo-

117 2179 315 2220 stolorum
335 2180 524 2222 instituta
544 2181 795 2222 tollerentur.
856 2182 1016 2235 Atque,
1038 2189 1086 2220 ut
1105 2179 1203 2220 olim
1230 2181 1326 2220 Rex
1352 2179 1504 2235 impius

119 2247 388 2298 Hieroboam,
411 2264 504 2289 curn
528 2248 686 2290 cultum
709 2249 790 2289 Dei
810 2248 1052 2297 sustulisset,
1075 2256 1116 2288 et
1135 2246 1338 2302 populum
1359 2247 1411 2287 ad
1432 2262 1503 2288 au-

114 2330 204 2355 reos
224 2315 376 2356 vitulos
406 2315 660 2367 adduxisset,
690 2332 742 2357 ne
772 2316 879 2357 forte
909 2323 1051 2371 postea
1080 2322 1288 2354 mutarent
1314 2313 1502 2355 volunta-

115 2391 212 2432 tem,
235 2394 275 2423 et
296 2399 320 2423 a
341 2398 381 2423 se
402 2383 698 2434 dilaberentur,
722 2392 763 2425 et
783 2383 964 2424 redirent
981 2381 1314 2437 Hierosolymam
1333 2381 1386 2421 ad
1402 2391 1502 2422 tem-

114 2448 231 2504 plum
249 2449 346 2499 Dei,
368 2466 435 2491 eos
456 2451 580 2506 longa
599 2451 782 2492 oratione
802 2450 1039 2491 cohortatus
1059 2458 1119 2489 est
1139 2448 1192 2488 ad
1212 2448 1497 2489 constantiam:

116 2515 191 2565 Hi,
213 2516 416 2571 inquiens,
441 2518 570 2558 Israel
592 2527 688 2558 sunt
715 2518 796 2558 Dei
826 2517 908 2557 tui:
955 2517 1050 2556 Hoc
1079 2524 1199 2571 pacto
1229 2516 1347 2556 Deus
1366 2524 1500 2557 vester

108 2584 232 2639 jussit
252 2600 293 2625 se
314 2600 338 2624 a
358 2585 473 2625 vobis
493 2585 593 2625 coli:
629 2586 769 2626 Grave
789 2594 927 2625 autem
950 2583 1079 2633 vobis,
1101 2592 1143 2624 et
1161 2583 1379 2624 molestum
1406 2583 1497 2633 erit,

114 2650 191 2692 iter
212 2660 295 2693 tam
317 2652 592 2708 longinquum
613 2652 831 2708 suscipere,
853 2660 894 2695 et
914 2650 1133 2706 quotannis
1159 2650 1213 2691 ad
1234 2650 1498 2692 salutandum

790 2734 822 2760 M
846 2720 873 2759 4
