1799 3077
450 94 685 136 NOELLI
719 93 1185 134 CATECHISMUS.
1431 99 1504 137 23]

119 207 251 264 spicit.
312 209 420 249 Haec
444 222 544 263 ergo
570 207 637 248 lex
658 206 723 248 vel
744 206 798 248 ad
819 205 924 247 male
944 206 996 247 de
1016 205 1215 262 proximis
1236 207 1509 260 sentiendum,

118 277 273 317 nedum
289 276 344 317 ad
358 291 427 317 eos
446 284 463 305 0
477 275 736 317 infamandos
751 290 977 331 propensos
993 289 1067 316 nos
1083 290 1169 315 esse
1182 275 1375 331 prohibet
1389 292 1397 316 :
1429 276 1512 318 imo

116 344 195 385 hoc
221 359 296 385 nos
325 359 411 385 esse
440 343 618 385 candore
647 353 774 399 atque
804 343 1000 399 aequitate
1024 343 1161 398 jubet,
1185 351 1233 382 ut
1264 351 1304 382 et
1335 342 1386 382 de
1418 343 1509 394 illis,

116 421 321 467 quantum
342 411 492 453 veritas
512 411 683 468 patitur,
699 412 803 453 bene
821 411 1058 461 sentiamus,
1073 420 1114 451 et
1130 426 1245 451 suam
1262 410 1361 466 ipsis
1377 411 1512 452 existi-

116 480 352 531 mationem,
369 489 573 536 quantum
594 479 634 520 in
657 480 775 521 nobis
796 480 887 529 erit,
904 480 1106 535 integram
1128 478 1235 520 tueri
1257 479 1508 521 studeamus.

174 550 238 589 M.
272 550 377 599 Quae
409 549 550 590 subest
579 549 697 599 ratio,
719 548 833 604 quod
856 548 1062 589 Dominus
1083 548 1125 588 in
1147 549 1263 603 Lege
1292 563 1367 588 sua
1386 548 1510 588 animi

115 615 281 658 vitiosos
308 618 480 658 affectus
508 616 843 673 gravissimorum
877 616 1075 657 scelerum
1106 615 1342 657 nominibus
1369 616 1510 673 appel-

113 683 201 726 lat?
247 685 403 726 Odium
434 685 542 726 enim
576 695 617 726 et
650 685 768 734 iram,
802 684 925 725 caedis
961 684 1262 740 appellatione;
1302 685 1509 726 lasciviam

114 768 278 794 omnem
309 753 683 809 cogitationemque
704 753 873 804 foedam,
896 754 1116 802 adulterii;
1149 753 1417 810 cupiditatem
1448 755 1509 795 in-

106 819 279 875 justam,
302 820 403 861 furti
425 820 588 861 nomine
610 820 909 876 complectitur.

171 889 226 929 A.
260 889 339 939 Ne,
363 898 409 929 ut
435 897 496 929 est
525 888 740 929 hominum
770 888 997 944 ingenium,
1019 889 1071 929 ad
1102 889 1250 945 impios
1269 889 1427 930 danimi
1447 890 1508 931 af-

112 955 259 1007 fectus,
292 966 339 998 ut
373 957 427 998 ad
463 957 568 998 levia
599 957 807 1013 quaedam,
840 957 1166 1008 conniveremus,
1198 974 1266 998 eos
1298 958 1506 1000 Dominus

107 1024 282 1080 justitiae
313 1041 398 1067 suae
418 1025 564 1082 regula
583 1025 768 1076 metiens,
790 1025 897 1066 veris
926 1025 1162 1066 nominibus
1184 1026 1381 1082 designat.
1443 1027 1507 1068 Ita

113 1092 220 1133 enim
245 1095 437 1134 Servator
456 1102 594 1135 noster
621 1104 805 1150 paternae
836 1093 984 1134 mentis
1010 1093 1212 1150 interpres
1232 1094 1427 1150 optimus,
1448 1094 1507 1136 ita

114 1159 294 1202 Divinus
323 1161 391 1203 ille
428 1162 606 1218 Spiritus
636 1171 744 1203 recte
774 1161 1028 1218 intelligendi
1065 1162 1270 1218 Magister
1304 1178 1504 1212 summus,

112 1227 189 1269 ista
215 1229 416 1286 explicat:
462 1230 579 1281 eQui
614 1230 818 1280 irascitur,
850 1229 999 1285 inquit,
1031 1230 1149 1271 fratri
1180 1246 1267 1281 suo,
1300 1230 1506 1272 homicida

111 1305 197 1344 est;
230 1298 303 1354 qui
324 1298 575 1355 concupiscit
597 1298 825 1348 mulierem,
842 1297 1092 1339 adulterium
1113 1299 1377 1354 perpetravit.

171 1367 233 1407 M.
267 1367 421 1408 Verum
453 1383 549 1408 cum
581 1367 681 1408 vitia
716 1376 878 1408 tantum
914 1375 956 1407 et
990 1374 1157 1422 peccata
1189 1366 1252 1407 his
1286 1367 1504 1422 praeceptis

110 1434 423 1490 prohibeantur,
446 1451 520 1477 cur
542 1447 588 1476 tu
616 1434 925 1491 interpretando
944 1434 1117 1475 virtutes
1138 1434 1260 1475 etiam
1281 1434 1504 1475 contrarias

110 1503 279 1559 praecipi
310 1504 440 1545 dicis?
484 1505 594 1545 Nam
626 1503 835 1560 prohibito
862 1502 1081 1552 adulterio,
1102 1502 1354 1551 castitatem3
1389 1503 1501 1544 caede

110 1580 151 1612 et
182 1572 296 1613 furto
328 1572 478 1622 vetitis,
511 1586 712 1612 summam
743 1570 1072 1612 benevolentiam
1105 1570 1500 1626 beneficentiamque

109 1640 278 1696 praecipi
298 1640 422 1688 dicis3
457 1650 582 1696 atque
603 1640 660 1680 ita
678 1640 722 1680 in
745 1639 931 1681 caeteris?

167 1710 223 1749 A.
257 1708 365 1759 Quia
384 1709 494 1750 idem
518 1711 710 1750 Servator
731 1716 869 1749 noster
891 1707 946 1748 sic
966 1707 1276 1764 interpretatur,
1297 1722 1500 1748 summam

108 1777 209 1833 legis
239 1792 320 1818 non
347 1777 389 1817 in
410 1777 656 1818 abstinentia
675 1785 839 1818 tantum
860 1776 912 1817 ab
933 1775 1083 1831 injuria
1110 1775 1406 1831 maleficioque,
1429 1775 1501 1816 sed

106 1845 149 1886 in
172 1845 412 1886 fdilectione
432 1855 558 1901 atque
586 1845 784 1886 charitate
813 1843 1078 1886 constituens.
1142 1843 1257 1885 Sicut
1278 1853 1318 1884 et
1339 1843 1500 1899 Regius

108 1913 320 1969 Propheta
346 1922 499 1955 gantea
528 1922 767 1954 monuerat:
802 1912 977 1954 Declina
1000 1910 1228 1966 (inquiens)
1261 1926 1285 1951 a
1314 1910 1437 1961 malo,
1459 1918 1500 1951 et

106 1982 171 2023 fac
191 1982 360 2023 bonum.

165 2052 230 2091 M.
265 2052 460 2107 Superest
474 2050 563 2106 jam
585 2050 781 2091 ultimum
801 2057 1070 2104 praeceptum.

166 2119 217 2159 A.
250 2120 368 2160 NON
392 2132 740 2160 CONCUPISCES
764 2117 785 2145 h
803 2128 1117 2158 OUJUSQUAM
1149 2127 1365 2164 DOMUM,
1388 2127 1494 2154 NON

113 2199 341 2237 UXOREM,
380 2200 484 2226 NON
523 2200 751 2237 SERVUM,
791 2198 896 2225 NON
938 2195 1229 2231 ANCILLAM,
1271 2194 1375 2221 NON
1411 2194 1497 2221 Βο-

102 2255 237 2303 ’νΕΜ,
263 2267 368 2294 NON
394 2266 617 2304 ASINUM,
644 2267 741 2294 NEC
768 2264 1047 2294 QUICQUAM
1076 2262 1288 2290 OMNINO
1314 2261 1496 2298 ALIUD,

109 2336 252 2362 QUOD
278 2335 535 2363 ALTERIUS
564 2335 659 2362 st'r.

164 2390 226 2430 M.
261 2391 371 2430 Cum
403 2399 531 2430 totam
563 2389 693 2445 legen]
728 2387 980 2443 spiritualem
1011 2401 1110 2435 esse,
1134 2400 1207 2425 nec
1228 2383 1281 2424 ad
1310 2397 1496 2423 coercen-

105 2457 205 2498 dum
228 2465 388 2498 tantum
420 2467 590 2498 externa
619 2456 829 2505 maleficia,
853 2454 923 2495 sed
950 2453 1003 2494 ad
1033 2454 1214 2494 internos
1248 2450 1372 2492 animi
1400 2449 1496 2490 affe-

148 2586 161 2600 ‘2
181 2581 273 2611 Prov.
288 2590 361 2610 xxv.
377 2579 425 2610 18.
454 2590 466 2610 1
487 2580 553 2610 Pet.
570 2579 604 2609 ii.
622 2588 650 2615 1,
664 2589 693 2609 2.
875 2577 888 2596 ὖ
913 2577 1007 2607 Rom.
1024 2576 1078 2607 vii.
1099 2583 1126 2616 7.
1152 2585 1164 2606 1
1185 2575 1260 2606 Cor.
1278 2583 1308 2603 x.
1325 2571 1356 2602 6.
1379 2572 1492 2601 Jacob.

105 2634 147 2665 iv.
167 2644 194 2665 1.
282 2640 295 2654 θ
311 2636 392 2665 Mat.
409 2645 439 2665 v.
454 2643 506 2671 22,
523 2634 573 2664 28.
605 2644 657 2664 xv.
675 2642 723 2672 19.
754 2641 765 2661 1
783 2633 880 2662 Joau.
897 2631 943 2662 iii.
962 2638 1011 2671 15.
1097 2629 1110 2649 f
1129 2631 1211 2661 Mat.
1227 2628 1308 2659 xxii.
1323 2637 1376 2667 39.
1400 2627 1494 2657 Rom.

106 2689 175 2718 xiii.
191 2688 225 2725 8,
242 2698 271 2729 9.
297 2689 366 2719 Gal.
386 2699 415 2718 v.
434 2696 481 2726 14.
568 2694 582 2714 ε
606 2687 690 2718 Psal.
708 2686 831 2717 xxxvii.
849 2692 901 2726 27.
990 2684 1005 2705 ¹¹
1030 2685 1133 2715 Exod.
1150 2693 1205 2715 xx.
1222 2689 1271 2723 17.
1297 2681 1396 2712 Mich.
1414 2681 1447 2711 ii.
1464 2689 1493 2710 2.

109 2743 201 2773 Rom.
218 2742 272 2773 vii.
293 2750 320 2783 7.
349 2753 359 2773 1
381 2743 455 2773 Cor.
473 2752 503 2772 x.
519 2740 548 2771 6.

765 2795 839 2836 Qssl·
