1799 3077
265 130 347 169 138
655 129 884 170 JUELLI
918 129 1256 170 APOLOGIA.

260 242 364 299 pios,
391 251 432 283 et
461 256 624 282 omnem
655 241 862 297 religionis
891 257 1030 283 curam
1062 242 1270 298 abjecisse,
1298 258 1538 299 quanquam
1569 261 1651 287 non

260 310 384 351 debet
413 309 457 351 id
486 309 664 350 multum
697 325 770 350 nos
800 325 979 360 movere,
1001 310 1116 366 quod
1136 310 1195 350 illi
1215 310 1307 366 ipsi,
1329 326 1354 351 a
1373 311 1527 367 quibus
1550 314 1653 370 obji-

259 379 380 429 citur,
404 378 537 419 sciunt
557 377 898 419 contumeliosum
928 387 968 419 et
997 378 1147 419 falsum
1168 394 1265 419 esse.
1326 380 1436 420 Nam
1457 381 1486 420 J
1492 381 1653 423 ustinus

261 447 429 503 Martyr
450 455 593 487 auctor
613 454 688 496 est,
710 461 804 486 cum
824 445 1006 501 primum
1028 446 1306 502 Evangelium
1337 457 1519 503 coeptum
1548 459 1653 492 esset

258 514 475 571 publicari,
511 524 551 555 et
593 513 747 554 Christi
788 528 937 554 nomen
978 514 1178 569 patefieri,
1217 514 1473 557 Christianos
1512 532 1653 559 omnes

258 583 390 624 dictos
419 582 545 624 fuisse
575 581 707 629 ἀθέους.
770 583 964 637 Cumque
996 581 1254 638 Polycarpus
1285 592 1410 625 staret
1438 600 1515 640 pro
1539 585 1653 641 judi-

258 651 335 701 cio,
365 651 547 708 populus
577 650 641 690 his
673 650 842 691 vocibus
873 649 1058 691 incitavit
1088 650 1384 692 Proconsulem
1414 652 1468 693 ad
1497 653 1651 694 caedem

258 730 299 761 et
338 719 654 761 internecionem
697 733 840 759 eorum
881 718 1081 768 omnium,
1123 718 1195 774 qui
1236 720 1515 776 Evangelium
1557 737 1652 777 pro-

257 789 486 837 fiterentur,
508 787 586 840 αἶρε
616 787 697 834 τοὺς
727 787 865 838 ἀθέους,
886 786 963 827 hoc
993 796 1070 837 est,
1092 786 1188 828 tolle
1216 787 1268 828 de
1294 788 1430 829 medio
1456 788 1553 830 istos
1579 789 1652 830 ho-

259 857 388 897 mines
407 855 569 911 impios,
593 854 665 911 qui
688 855 828 895 Deum
849 870 931 895 non
952 854 1118 896 habent.
1171 856 1269 896 Non
1289 856 1402 911 quod
1426 856 1650 898 Christiani

259 926 398 966 Deum
421 939 563 964 revera
583 938 665 964 non
686 923 902 973 haberent,
924 923 995 964 sed
1023 923 1136 978 quod
1165 938 1276 973 saxa,
1299 932 1340 964 et
1361 924 1532 980 stipites,
1554 941 1650 981 quae

259 1001 347 1033 tum
389 1008 466 1048 pro
504 992 598 1033 Diis
637 991 893 1043 colebantur,
931 1006 1012 1032 non
1053 991 1284 1032 adorarent.
1345 993 1501 1032 Verum
1540 993 1651 1034 orbis

259 1070 460 1102 terrarum
494 1061 589 1102 satis
613 1061 702 1117 jam
734 1060 861 1109 videt,
883 1059 986 1116 quid
1014 1075 1088 1101 nos
1115 1059 1327 1116 nostrique
1357 1060 1409 1101 ab
1436 1061 1536 1111 istis,
1559 1062 1652 1103 reli-

258 1129 405 1185 gionis,
427 1138 468 1170 et
498 1129 621 1170 unius
642 1129 723 1170 Dei
753 1128 881 1169 nostri
911 1143 1047 1178 causa,
1068 1125 1250 1184 perpessi
1281 1128 1418 1169 simus.
1481 1130 1534 1170 In
1564 1145 1649 1171 car-

259 1213 383 1249 ceres,
404 1197 445 1237 In
472 1213 614 1253 aquas,
642 1197 685 1238 in
715 1197 830 1254 ignes
860 1212 934 1237 nos
964 1197 1217 1253 abjecerunt,
1249 1205 1290 1237 et
1316 1196 1359 1237 in
1390 1206 1530 1238 nostro
1559 1213 1649 1239 san-

256 1265 384 1322 guine
414 1266 589 1307 volutati
620 1274 730 1314 sunt,
761 1281 843 1306 non
879 1265 992 1321 quod
1028 1274 1102 1306 aut
1136 1264 1314 1306 adulteri
1349 1280 1543 1317 essemus,
1574 1277 1648 1309 aut

255 1334 448 1386 latrones,
483 1344 556 1375 aut
595 1333 826 1384 homicidae,
869 1333 941 1374 sed
981 1342 1143 1374 tantum
1181 1333 1295 1389 quod
1334 1349 1649 1389 agnosceremus

256 1403 532 1459 Evangelium
564 1404 669 1443 Jesu
702 1401 871 1452 Christi,
897 1411 937 1443 et
967 1417 1225 1458 speraremus
1254 1401 1294 1442 in
1326 1402 1467 1443 Deum
1498 1418 1645 1454 unum,

257 1471 455 1528 quodque
494 1470 684 1522 nimium,
715 1487 740 1511 o
775 1471 893 1512 Deus
931 1470 1052 1520 bone,
1079 1470 1206 1526 juste,
1238 1485 1417 1525 vereque
1458 1486 1647 1526 querere-

257 1556 365 1591 mur,
388 1539 657 1581 traditionum
677 1538 1005 1579 inanissimarum
1028 1554 1152 1579 causa
1171 1537 1313 1578 violari
1334 1538 1386 1579 ab
1407 1537 1492 1578 istis
1512 1538 1645 1595 legem

258 1608 364 1656 Dei3
397 1617 437 1649 et
464 1607 718 1648 adversarios
745 1615 919 1657 nostrOS,
942 1606 1015 1662 qui
1046 1606 1216 1647 scientes
1244 1615 1285 1647 et
1311 1606 1536 1662 prudentes
1563 1608 1645 1648 Dei

250 1677 368 1733 jussa
396 1676 455 1717 ita
483 1675 686 1717 obstinate
716 1683 1038 1725 contemnerent,
1067 1690 1152 1716 esse
1182 1674 1319 1715 hostes
1349 1675 1580 1731 Evangelii,
1606 1684 1647 1716 et

257 1745 441 1786 inimicos
461 1744 592 1786 crucis
614 1744 781 1786 Christi.

315 1815 470 1854 Verum
501 1812 568 1853 isti
597 1827 692 1853 cum
723 1811 910 1852 viderent
939 1810 1166 1851 doctrinam
1203 1819 1384 1851 nostram
1416 1826 1498 1851 non
1529 1827 1646 1867 posse

256 1891 365 1923 recte
394 1880 589 1931 accusari,
621 1880 858 1921 maluerunt
891 1878 933 1919 in
969 1894 1102 1920 mores
1133 1887 1293 1919 nostros
1321 1878 1537 1927 invehere3
1571 1895 1647 1921 nos

256 1949 394 1990 omnia
421 1958 529 1990 recte
556 1948 666 1989 facta
693 1948 914 1994 dainnare3
947 1946 1000 1987 ad
1020 1945 1225 1987 licentiam
1245 1955 1284 1987 et
1305 1945 1517 1987 libidinem
1537 1947 1646 1988 fores

257 2017 439 2073 aperire3
473 2026 514 2058 et
533 2015 737 2072 populum
758 2015 811 2056 ab
831 2014 941 2056 omni
963 2014 1101 2055 studio
1124 2013 1288 2054 virtutis
1314 2014 1529 2055 abducere.
1588 2016 1646 2056 Et

257 2095 366 2126 certe
396 2100 444 2125 ea
473 2093 534 2125 est
564 2098 807 2139 semperque
834 2082 915 2123 fuit
942 2081 1157 2122 hominum
1184 2081 1384 2131 omnium,
1407 2080 1526 2121 etiam
1560 2081 1647 2137 pio-

256 2169 351 2195 rum
380 2163 420 2194 et
443 2152 773 2194 Christianorum
794 2150 892 2201 vita,
916 2159 963 2191 ut
994 2165 1153 2205 semper
1183 2149 1306 2190 etiam
1334 2149 1376 2189 in
1403 2149 1582 2205 optimis,
1605 2159 1647 2191 et

256 2221 488 2263 castissimis
514 2220 697 2261 moribus
724 2229 862 2260 tamen
888 2218 1044 2274 aliquid
1069 2233 1206 2274 posses
1227 2217 1482 2264 desiderare;
1515 2233 1646 2273 eaque

256 2290 476 2347 propensio
503 2289 687 2329 omnium
714 2289 767 2328 ad
791 2287 960 2336 malum,
983 2302 1113 2342 eaque
1134 2285 1318 2327 omnium
1339 2285 1572 2342 proclivitas
1593 2287 1647 2327 ad

257 2357 564 2413 suspicandum,
583 2365 631 2396 ut
646 2371 741 2411 quae
757 2370 830 2395 nec
847 2355 968 2404 facta,
985 2369 1058 2395 nec
1075 2354 1254 2410 cogitata
1270 2368 1453 2409 unquam
1476 2352 1645 2402 fuerint,

257 2425 391 2466 audiri
413 2434 564 2474 tamen,
587 2433 626 2465 et
647 2423 758 2465 credi
778 2422 947 2479 possint.
1000 2423 1147 2478 thue
1168 2421 1209 2462 in
1229 2421 1516 2462 candidissima
1535 2428 1647 2460 veste

256 2493 374 2533 facile
394 2493 545 2548 exigua
564 2500 732 2532 notatur
752 2490 877 2540 labes,
898 2489 956 2530 ita
975 2490 1016 2530 in
1040 2489 1123 2530 vita
1140 2488 1428 2530 candidissima
1447 2487 1565 2528 facile
1592 2487 1648 2528 le-

257 2561 421 2600 vissima
436 2570 533 2600 nota
553 2558 823 2616 turpitudinis
843 2557 1179 2613 deprehenditur.
1232 2559 1380 2612 Neque
1401 2572 1474 2597 nos
1489 2564 1562 2595 aut
1577 2570 1646 2595 eos

257 2643 398 2669 omnes
419 2629 491 2683 qui
511 2628 689 2683 amplexi
711 2636 808 2668 sunt
828 2626 951 2667 hodie
971 2626 1199 2668 doctrinam
1222 2625 1455 2682 Evangelii,
1476 2624 1643 2679 angelos

255 2712 341 2737 esse
361 2696 623 2745 arbitramur,
646 2705 685 2736 et
706 2711 874 2751 prorsus
890 2695 974 2735 sine
990 2694 1150 2736 macula
1168 2694 1251 2735 ulla
1271 2708 1458 2750 rugaque
1474 2692 1612 2733 vivere
1628 2710 1639 2739 3

255 2774 325 2806 aut
349 2764 445 2805 istos
466 2764 529 2804 vel
550 2763 605 2804 ita
627 2780 768 2813 caecos,
794 2773 836 2804 ut
861 2763 890 2803 si
913 2763 1014 2817 quid
1036 2763 1077 2803 in
1100 2763 1216 2804 nobis
1237 2761 1368 2803 notari
1395 2771 1534 2816 queat,
1558 2776 1639 2802 non
