1799 3077
271 144 355 182 308
600 140 831 183 NOELLI
868 139 1331 182 CATECHISMUS.

328 257 382 296 A.
423 255 540 295 Deus
570 263 617 295 ut
647 262 788 303 asuos,
825 269 876 294 ne
913 255 1075 294 Satanae
1109 251 1329 293 fraudibus
1359 251 1584 308 illaqueati,
1620 252 1660 292 in

271 323 371 365 vitia
389 331 514 378 atque
535 321 691 378 flagitia
710 322 970 371 delabantur,
993 330 1156 362 tutatur
1175 331 1216 362 et
1237 329 1476 367 conservam
1508 319 1567 361 ita
1586 319 1662 360 im-

271 391 348 447 piis
368 405 487 447 opem
509 399 635 446 atque
655 389 857 430 auxilium
886 404 1008 430 suum
1029 388 1050 417 b
1064 389 1259 431 subducit
1280 400 1406 445 atque
1427 387 1660 434 subtrahit3

271 475 356 515 quo
386 458 587 507 destituti,
611 457 839 513 cupiditate
868 456 983 507 coeci,
1011 472 1058 498 ac
1087 456 1319 513 praecipites
1350 456 1542 497 omnibus
1570 455 1666 495 insi-

272 526 350 567 diis
379 525 775 574 circumveniuntur,
798 533 839 565 et
868 525 911 565 in
941 539 1062 564 omne
1081 525 1275 565 feruntur
1305 524 1445 572 nefas3
1481 523 1666 564 tandem-

273 611 355 651 que
376 593 674 636 consuetudine
696 592 909 643 scelerum,
932 592 1048 649 quasi
1071 592 1256 634 obducto
1276 600 1293 619 ⁰
1305 591 1422 642 callo,
1443 591 1568 632 animi
1587 580 1667 631 illis

273 663 568 709 obdurescunt,
590 671 716 716 atque
737 661 794 701 ita
817 662 980 702 Satanae
1001 670 1180 717 tyranno
1205 659 1442 716 mancipati,
1463 669 1505 701 et
1524 660 1566 700 in
1587 675 1667 700 ser-

273 731 447 772 vitutem
470 729 639 779 addicti,
662 729 702 770 in
723 729 943 785 perniciem
974 738 1101 784 atque
1128 727 1341 769 interitum
1373 727 1667 784 sempiternum

274 809 415 840 ruunn

333 867 397 906 M.
432 868 629 921 Superest
649 863 786 905 adhuc
808 864 1037 905 Dominicae
1058 863 1303 920 precationis
1323 863 1531 920 appendix
1555 878 1668 918 quae-

276 935 385 975 danr

334 1004 390 1043 A.
423 1002 642 1052 QUONIAM
663 1013 788 1041 TUUM
811 1013 892 1040 EST
916 1013 1123 1050 REGNUM,
1143 1013 1201 1040 ET
1224 1012 1468 1049 POTENTIA,
1486 1013 1545 1039 ET
1568 1013 1670 1040 GLo-

279 1085 358 1112 RIA
382 1084 431 1111 IN
455 1083 638 1110 SECULA.
699 1069 857 1108 ΑΜΕΝ.

336 1140 399 1179 Μ.
433 1138 522 1179 Cur
544 1135 736 1178 Christus
757 1135 863 1176 hanc
883 1134 1185 1176 conclusionem
1206 1134 1305 1175 addi
1325 1133 1485 1176 voluit?

336 1208 390 1247 A.
424 1204 629 1254 Primum,
652 1213 700 1245 ut
729 1212 883 1244 certam
914 1202 1032 1244 nobis
1062 1202 1257 1244 fiduciam
1289 1202 1554 1260 impetrandi,
1575 1219 1671 1260 quae

278 1285 399 1318 antea
439 1272 740 1330 postulavimus
779 1271 931 1323 omnia,
962 1271 1004 1312 in
1045 1272 1134 1328 ejus
1167 1271 1367 1321 bonitate,
1398 1280 1439 1312 et
1470 1273 1670 1328 potentia,

277 1343 297 1372 d
311 1358 394 1383 non
414 1341 456 1382 in
478 1340 572 1381 ullis
602 1339 765 1388 nostris,
786 1349 859 1381 aut
879 1339 1054 1380 aliorum
1076 1339 1230 1380 meritis
1261 1338 1381 1380 sitam
1410 1354 1496 1380 esse
1525 1339 1672 1381 intelli-

278 1425 480 1466 geremus.
542 1407 659 1449 Nihil
691 1407 800 1448 enim
831 1422 930 1457 esse,
952 1407 1068 1463 quod
1097 1407 1132 1449 is
1160 1407 1233 1463 qui
1263 1407 1436 1448 eorbem
1468 1416 1671 1449 terrarum

279 1477 386 1533 regit
420 1487 461 1518 et
492 1476 714 1532 gubernat,
749 1475 792 1516 in
831 1476 952 1531 cujus
991 1475 1146 1516 ditione
1179 1484 1306 1531 atque
1340 1483 1543 1531 potestate
1578 1484 1675 1516 sunt

280 1545 486 1594 universa,
508 1543 582 1600 qui
602 1542 851 1599 amplissima
871 1551 997 1599 atque
1024 1542 1244 1584 immortali
1274 1542 1406 1598 gloria
1425 1542 1674 1584 clarissimus

281 1626 405 1668 super
435 1611 536 1652 alios
565 1626 707 1652 omnes
736 1610 895 1651 infinite
926 1610 1102 1661 excellit,
1134 1609 1396 1667 fpetentibus
1427 1609 1545 1651 nobis
1577 1610 1676 1652 dare

282 1678 347 1719 vel
376 1694 458 1720 non
493 1678 636 1735 possit,
657 1678 723 1719 vel
753 1678 870 1729 nolit,
892 1679 1016 1720 modo
1035 1688 1159 1729 recte,
1182 1688 1223 1719 et
1248 1688 1358 1720 certa
1377 1678 1460 1719 fide
1489 1686 1674 1734 rogetur,

282 1746 348 1787 his
377 1746 513 1788 verbis
542 1746 800 1793 declaratum
840 1756 887 1787 ut
917 1746 1032 1787 nulla
1054 1747 1144 1803 jam
1175 1746 1217 1787 in
1247 1746 1393 1787 animis
1423 1746 1571 1787 nostris
1601 1746 1678 1787 du-

284 1814 429 1856 bitatio
449 1814 708 1870 relinquatur
735 1813 938 1869 amplius;
971 1814 1013 1854 id
1035 1815 1149 1870 quod
1179 1814 1301 1855 etiam
1332 1814 1475 1855 addita
1503 1814 1557 1855 ad
1586 1830 1678 1870 pre-

283 1882 454 1925 cationis
472 1883 596 1923 finem
618 1898 697 1924 vox
718 1891 737 1920 g
751 1896 883 1923 AMEN
911 1882 1091 1923 declarat
1121 1891 1247 1938 atque
1277 1883 1502 1923 confirmat.
1565 1884 1677 1923 Prae-

286 1960 396 1992 terea
416 1966 526 2002 vero,
549 1966 681 2007 quum
713 1950 823 1992 solus
854 1951 971 1991 Deus
991 1966 1252 2006 quaecunque
1277 1950 1473 1999 decrevit,
1495 1965 1573 2007 pro
1603 1965 1678 1990 sua

285 2018 499 2059 voluntate
518 2017 693 2074 hlargiri
723 2018 866 2074 possit,
887 2017 940 2059 ab
972 2033 1055 2058 uno
1086 2017 1157 2059 illo
1186 2017 1379 2059 universa
1408 2018 1497 2059 haec
1523 2026 1563 2064 et
1592 2017 1679 2073 peti

287 2086 452 2137 debere,
474 2096 515 2128 et
536 2086 748 2143 impetrari
779 2101 898 2143 posse
928 2085 1148 2128 clarissime
1178 2096 1376 2142 apparet3
1410 2085 1679 2141 inullumque

287 2153 533 2210 periculum,
555 2163 628 2195 aut
649 2155 805 2196 malum
835 2163 1021 2195 nostrum
1053 2170 1185 2210 usque
1215 2154 1319 2196 adeo
1349 2169 1547 2211 magnum
1578 2168 1677 2202 esse,

288 2222 402 2277 quod
433 2222 467 2263 is
496 2222 725 2264 incredibili
754 2221 954 2279 potentia,
976 2223 1188 2278 sapientia,
1216 2232 1258 2264 et
1287 2223 1471 2264 bonitate
1501 2237 1575 2263 sua
1593 2221 1681 2262 vin-

289 2306 393 2341 cere,
416 2302 457 2332 et
484 2306 508 2331 a
528 2290 646 2332 nobis
676 2290 896 2347 depellere,
917 2301 1043 2346 atque
1073 2291 1126 2332 ad
1158 2291 1331 2332 salutem
1362 2290 1486 2332 etiam
1515 2304 1682 2331 conver-

291 2369 376 2399 tere
395 2359 586 2400 facillime
607 2374 689 2399 non
710 2359 849 2415 possit.

335 2467 347 2478 ³¹
365 2459 443 2489 Luc.
458 2459 537 2490 xxii.
553 2468 609 2497 3²1,
626 2469 678 2497 32.
709 2469 718 2489 1
740 2460 814 2489 Cor.
830 2470 884 2489 xv.
902 2469 949 2490 10.
977 2469 992 2489 2
1012 2460 1085 2490 Cor.
1104 2461 1158 2490 xii.
1174 2470 1204 2500 9.
1230 2461 1344 2499 Ephes.
1359 2460 1401 2489 vi.
1420 2470 1469 2495 10,
1488 2469 1534 2489 11.
1560 2468 1575 2489 2
1592 2458 1680 2489 Tim.

293 2514 334 2543 iv.
355 2520 404 2552 17,
424 2513 472 2543 18.
734 2513 747 2532 b
767 2523 778 2543 1
802 2514 879 2554 Reg.
895 2513 960 2544 xvi.
976 2522 1024 2551 14.
1048 2514 1120 2544 Gal.
1137 2525 1166 2545 v.
1184 2523 1214 2552 4.
1244 2524 1254 2544 1
1279 2515 1345 2544 Pet.
1363 2523 1393 2543 v.
1411 2522 1440 2552 5.
1465 2513 1541 2543 Jud.
1560 2512 1610 2547 18,
1631 2520 1678 2552 ¹9·

294 2574 306 2585 ⁸
323 2567 398 2597 Esa.
416 2567 456 2597 vi.
474 2577 521 2598 10.
560 2576 576 2597 2
593 2568 667 2598 Cor.
685 2568 728 2598 iv.
741 2575 775 2605 3,
794 2577 825 2605 4.
858 2568 973 2607 Ephes.
989 2567 1032 2597 iv.
1050 2567 1100 2603 18,
1120 2577 1168 2608 19.
1308 2567 1322 2587 ¹¹
1339 2567 1422 2597 Psal.
1440 2566 1486 2596 iii.
1502 2575 1535 2604 3,
1550 2565 1580 2595 8.
1606 2566 1681 2596 Ose.

294 2620 362 2650 xiii.
379 2630 409 2660 9.
440 2623 535 2651 Joan.
554 2632 586 2652 x.
605 2622 655 2652 28.
756 2628 769 2642 θ
783 2622 867 2652 Psal.
883 2622 963 2652 xxii.
981 2629 1032 2662 27.
1056 2622 1145 2652 xxiv.
1165 2631 1191 2657 1,
1207 2623 1265 2652 διο.
1286 2628 1315 2661 7,
1333 2621 1391 2651 διο.
1418 2621 1507 2651 xxix.
1528 2629 1556 2655 ι,
1573 2628 1603 2654 2,
1623 2620 1682 2649 &cu

294 2674 383 2703 xlvii.
400 2679 479 2704 toto,
504 2685 573 2705 xcv.
588 2685 621 2713 3,
638 2685 671 2712 4,
687 2676 744 2705 &c.
775 2686 786 2705 1
807 2676 895 2706 Tim.
913 2675 954 2705 vi.
972 2685 1021 2715 15,
1039 2675 1087 2706 16.
1271 2674 1283 2695 s
1297 2676 1380 2705 Mat.
1398 2674 1452 2704 vii.
1470 2683 1518 2703 11.
1544 2673 1610 2702 xxi.
1629 2682 1680 2702 22.

295 2729 408 2759 Jacob.
425 2729 445 2758 i.
459 2728 490 2759 6.
635 2737 648 2755 3
666 2739 682 2760 2
701 2731 775 2760 Cor.
791 2731 814 2760 i.
833 2740 883 2761 20.
916 2731 997 2761 Psal.
1018 2740 1088 2761 cxv.
1104 2740 1134 2769 3.
1281 2731 1294 2753 ¹¹
1312 2739 1328 2759 z
1349 2730 1422 2760 Cor.
1439 2728 1483 2757 ix.
1501 2727 1532 2757 8.
1566 2727 1681 2766 Eplies.

296 2782 341 2812 iii.
357 2791 407 2813 20.
435 2792 444 2812 1
467 2782 552 2812 Tim.
571 2783 612 2813 vi.
632 2793 676 2821 ¹5·
810 2783 815 2802 ἰ
837 2794 844 2812 ι
867 2784 939 2813 Cor.
960 2784 979 2813 i.
999 2784 1031 2818 8,
1053 2794 1084 2821 9,
1107 2793 1154 2813 10.
1183 2792 1196 2813 2
1215 2783 1301 2813 Tim.
1318 2783 1359 2812 iv.
1379 2788 1426 2820 ¹7.
1449 2781 1525 2811 Jnd.
1544 2789 1594 2818 24.
