1799 3077
479 132 715 174 NOELLI
749 132 1212 173 CATECHISMUS.
1298 111 1300 113 ’
1456 137 1539 179 277

150 260 352 287 summam
373 245 577 287 licentiam
606 245 757 286 habere
777 245 939 296 volunt,
962 245 1143 286 censoria
1163 245 1474 297 animadversio,
1497 257 1539 288 et

148 313 360 369 castigatio
380 313 508 355 teneri
529 313 571 353 in
592 313 787 354 Ecclesiis
806 313 876 354 vix
891 313 979 369 jam
1005 321 1151 369 potest.
1214 314 1267 353 In
1288 328 1538 370 quocunque

147 391 257 421 coetu
289 391 425 422 tamen
452 381 625 421 verbum
659 380 755 431 Dei,
777 381 951 437 ejusque
971 380 1188 431 invocatio,
1211 389 1252 421 et
1275 382 1537 423 Sacramenta

145 464 250 505 pure
271 457 312 489 et
332 463 499 504 syncere
529 448 772 499 retinentur,
795 464 878 490 non
899 458 960 489 est
980 448 1171 498 dubium,
1194 448 1296 503 quin
1326 448 1383 489 ibi
1414 448 1535 489 etiam

145 515 196 556 sit
216 515 401 556 Ecclesia
422 516 627 556 CHRISTI.

204 584 270 622 M.
303 584 375 623 An
397 597 478 623 non
501 598 641 623 omnes
661 598 760 639 ergo
784 583 826 623 in
859 583 936 624 hac
967 583 1115 623 visibili
1145 582 1329 623 Ecclesia
1359 592 1454 624 sunt
1483 599 1534 624 ex

143 650 365 691 electorum
385 651 439 691 ad
460 650 585 691 vitam
608 660 803 691 aeternam
825 654 1029 692 numero?

201 720 257 759 A.
282 718 414 759 Multi
435 734 509 774 per
530 719 780 775 hypocrisin,
799 729 839 759 et
860 719 1160 760 simulationem
1177 719 1353 776 pietatis,
1370 719 1411 759 in
1427 719 1533 760 hanc

142 802 183 827 se
205 786 436 827 societatem
457 786 708 842 adjungunt,
733 786 806 842 qui
836 786 937 826 nihil
963 787 1099 827 minus
1120 803 1245 843 quam
1272 803 1370 828 vera
1390 787 1534 828 Eccle-

140 854 209 894 siae
239 854 423 894 membra
453 864 560 894 sunt.
633 855 804 903 Verum,
837 854 936 909 quia
965 854 1211 910 ,ubicunque
1243 855 1416 895 verbum
1450 854 1531 895 Dei

140 937 307 978 syncere
327 921 512 972 docetur,
535 930 577 962 et
599 922 863 962 Sacramenta
890 921 966 961 rite
986 921 1340 972 administrantur,
1362 922 1418 962 ibi
1440 937 1530 978 per-

138 1000 265 1045 petuo
296 999 391 1030 sunt
419 989 545 1045 aliqui
576 989 630 1030 ad
659 989 867 1030 ksalutem
898 1004 972 1045 per
995 989 1209 1030 Christum
1231 990 1447 1045 designati,
1469 999 1530 1031 to-

139 1066 228 1097 tum
256 1056 371 1097 illum
394 1066 547 1097 coetum
569 1056 794 1097 Ecclesiam
827 1073 912 1097 esse
944 1057 1024 1098 Dei
1055 1072 1291 1105 censemus;
1325 1073 1456 1113 quum
1487 1068 1528 1098 et

139 1125 329 1166 Christus
359 1140 457 1174 sese,
479 1124 543 1165 vel
564 1124 729 1166 duobus
749 1124 846 1165 laut
871 1125 1017 1175 tribus,
1040 1125 1113 1181 qui
1144 1141 1218 1166 suo
1248 1125 1411 1166 nomine
1433 1141 1527 1166 con-

134 1192 294 1248 gregati
311 1192 480 1240 fuerint,
497 1192 742 1233 adfuturum
765 1192 1018 1248 polliceatur.

194 1261 257 1300 M.
282 1261 370 1300 Cur
386 1259 581 1317 Ecclesiae
599 1261 927 1300 REMISSIONEM
951 1275 1250 1302 PECCATORUM
1274 1261 1522 1317 subjungis?

191 1330 246 1369 A.
279 1328 481 1376 Primum,
505 1327 603 1383 quia
624 1328 816 1378 mclaves,
839 1329 992 1384 quibus
1012 1329 1160 1370 coelum
1183 1339 1223 1370 et
1242 1329 1520 1370 claudendum

133 1406 207 1446 est,
229 1406 270 1437 et
289 1395 572 1446 reserandum,
593 1395 633 1436 id
661 1405 735 1445 est,
758 1406 938 1452 potestas
968 1396 1036 1437 illa
1066 1396 1220 1453 ligandi
1247 1406 1288 1438 et
1321 1398 1518 1447 solvendi,

132 1463 365 1505 reservandi
397 1472 522 1518 atque
551 1463 786 1504 remittendi
815 1473 997 1520 peccata,
1030 1480 1124 1519 quae
1156 1464 1197 1505 in
1232 1465 1344 1505 verbi
1377 1465 1518 1506 Divini

131 1531 355 1573 ministerio
371 1530 447 1572 sita
467 1540 541 1581 est,
565 1531 760 1572 Ecclesiae
780 1547 854 1587 per
877 1532 1088 1573 Christum
1112 1532 1261 1583 delata,
1284 1542 1409 1589 atque
1430 1549 1521 1589 per-

130 1600 265 1650 missa,
287 1600 339 1640 ad
370 1614 459 1640 eam
490 1599 656 1655 proprie
686 1599 889 1655 pertinet,
924 1599 1071 1640 deinde
1102 1600 1200 1655 quia
1231 1615 1351 1641 nemo
1382 1601 1520 1642 remis-

131 1669 285 1713 sionem
313 1676 574 1724 peccatorum
596 1667 874 1723 consequitur,
898 1668 970 1724 qui
997 1683 1079 1709 non
1101 1668 1152 1709 sit
1172 1684 1316 1709 verum
1337 1670 1519 1725 corporis

130 1736 318 1778 nChristi
351 1736 609 1783 membrtun3
642 1735 684 1776 id
716 1746 790 1785 est,
813 1736 886 1791 qui
916 1751 1174 1777 communem
1207 1736 1402 1777 Ecclesiae
1422 1753 1516 1778 con-

127 1804 388 1845 sociationem
419 1803 613 1853 studiose,
650 1803 730 1859 pie,
763 1813 997 1859 sancteque,
1034 1812 1342 1859 perseveranter
1375 1804 1512 1855 etiam,

124 1883 143 1902 ⁰
156 1883 281 1930 atque
301 1874 354 1914 ad
377 1873 567 1914 ultimum
590 1888 672 1913 non
693 1873 813 1923 colat,
831 1883 870 1914 et
892 1883 1070 1915 tueatur.

182 1944 245 1983 M.
278 1941 459 1983 Nullane
479 1957 578 1997 ergo
599 1940 741 1982 salutis
761 1927 859 1997 spes·
872 1951 989 1982 extra
1010 1941 1266 1982 Ecclesiam?

180 2012 236 2051 A.
269 2011 406 2051 Extra
425 2024 514 2050 eam
545 2009 647 2049 nihil
675 2009 751 2049 nisi
773 2009 997 2059 damnatio,
1020 2009 1207 2060 exitium,
1227 2018 1352 2066 atque
1372 2010 1510 2051 interi-

121 2088 189 2119 tus
219 2093 303 2118 esse
332 2086 479 2134 potest.
541 2079 646 2127 Quae
676 2077 784 2117 enim
815 2085 950 2132 potest
970 2076 1196 2116 Pmembris
1216 2092 1241 2117 a
1259 2077 1392 2132 capite
1421 2093 1508 2118 cor-

120 2161 303 2203 poreque
332 2145 498 2195 avulsis,
521 2144 770 2193 abscissisve,
793 2144 888 2185 vitae
911 2160 1001 2200 spes
1023 2147 1261 2199 superesse?
1294 2145 1377 2195 Qui
1407 2161 1507 2201 ergo

119 2213 364 2254 discordiam
385 2213 456 2253 <lin
488 2212 671 2253 Ecclesia
698 2212 780 2253 Dei
811 2212 1000 2253 seditiose
1030 2212 1249 2262 concitant,
1273 2212 1505 2253 dissidium-

119 2297 215 2336 que,
238 2290 278 2320 et
298 2279 586 2320 dissentionem
611 2279 653 2319 in
674 2295 721 2320 ea
741 2279 911 2329 faciunt,
934 2279 1264 2335 factionibusque
1294 2295 1383 2320 eam
1414 2295 1505 2335 per-

119 2349 303 2398 turbant,
324 2347 373 2387 iis
393 2347 521 2387 donec
546 2346 587 2386 in
612 2346 870 2387 concordiam
901 2355 1025 2402 atque
1055 2347 1227 2402 gratiam
1248 2362 1340 2387 cum
1364 2347 1504 2387 Eccle-

116 2416 174 2456 sia
193 2415 363 2456 redeant
379 2424 419 2454 et
439 2422 710 2464 revertantur,
729 2429 820 2469 spes
835 2414 966 2453 omnis
988 2413 1129 2454 salutis
1147 2429 1221 2469 per
1240 2424 1501 2469 peccatorum

115 2482 391 2523 remissionem
413 2480 663 2537 praeciditur.

158 2605 172 2626 k
197 2607 271 2636 Esa.
287 2605 330 2635 lv.
347 2613 399 2646 μ.
424 2604 492 2634 Act.
510 2603 575 2633 xiii.
592 2603 644 2641 48.
736 2602 743 2623 ¹
765 2603 846 2633 Mat.
862 2603 950 2632 xviii.
970 2612 1021 2634 20.
1110 2608 1132 2622 ¹¹¹
1156 2603 1237 2633 Mat.
1253 2602 1316 2633 xvi.
1336 2612 1384 2642 19.
1409 2603 1498 2632 xviii.

119 2659 168 2689 18.
194 2660 272 2689 Luc.
291 2658 377 2688 xxiv.
393 2664 446 2697 47.
467 2659 562 2687 Joan.
580 2667 633 2687 xx.
652 2666 702 2695 23.
790 2662 804 2675 ¹¹
828 2657 924 2686 dorm.
942 2665 995 2686 xv.
1011 2666 1042 2693 4.
1067 2656 1174 2686 Colos.
1191 2657 1224 2686 ii.
1241 2666 1289 2696 19.
1377 2662 1390 2676 ⁰
1414 2656 1498 2686 Mat.

116 2713 204 2743 xxiv.
222 2723 269 2751 ¹3·
379 2718 393 2738 Ρ
415 2712 511 2742 Joan.
530 2721 581 2742 xv.
596 2719 630 2749 4,
647 2710 676 2741 6.
701 2710 807 2741 Colos.
825 2710 859 2740 ii.
878 2719 927 2750 19.
955 2720 965 2740 1
987 2710 1074 2740 Tim.
1090 2710 1136 2740 iii.
1160 2718 1207 2749 15.
1315 2718 1329 2735 «ι
1354 2711 1448 2740 Rom.
1465 2710 1497 2739 ii.

115 2765 148 2803 8,
165 2776 194 2807 9.
222 2777 231 2796 ι
252 2768 324 2797 Cor.
342 2766 363 2797 i.
380 2776 426 2797 11.
452 2766 497 2796 iii.
513 2775 544 2805 3.
573 2775 583 2796 1
603 2765 687 2795 Tim.
702 2764 722 2794 i.
737 2774 769 2802 4,
785 2764 813 2794 6.
841 2773 856 2793 2
875 2764 962 2795 Tim.
979 2764 1014 2795 ii.
1034 2762 1083 2803 16,
1100 2773 1148 2803 23.
1172 2765 1237 2795 Tit.
1255 2765 1301 2795 iii.
1316 2774 1349 2805 9,
1368 2774 1416 2801 10,
1434 2773 1481 2794 ιι.

768 2831 791 2856 Τ
810 2818 835 2857 8
