<?xml version="1.0" encoding="UTF-8"?>
<!DOCTYPE html PUBLIC "-//W3C//DTD XHTML 1.0 Transitional//EN"
    "http://www.w3.org/TR/xhtml1/DTD/xhtml1-transitional.dtd">
<html xmlns="http://www.w3.org/1999/xhtml" xml:lang="en" lang="en">
 <head>
  <title>
</title>
<meta http-equiv="Content-Type" content="text/html;charset=utf-8" />
  <meta name='ocr-system' content='tesseract 3.04.00' />
  <meta name='ocr-capabilities' content='ocr_page ocr_carea ocr_par ocr_line ocrx_word'/>
</head>
<body>
  <div class='ocr_page' id='page_1' title='image "./enchiridiontheol01rand_0248.png"; bbox 0 0 1799 3077; ppageno 0'>
   <div class='ocr_carea' id='block_1_1' title="bbox 260 145 1327 189">
    <p class='ocr_par' dir='ltr' id='par_1_1' title="bbox 260 145 1327 189">
     <span class='ocr_line' id='line_1_1' title="bbox 260 145 1327 189; baseline 0 -2"><span class='ocrx_word' id='word_1_1' title='bbox 260 148 344 188; x_wconf 71' lang='lat'>234</span> <span class='ocrx_word' id='word_1_2' title='bbox 589 145 825 187; x_wconf 89' lang='lat' dir='ltr'>NOELLI</span> <span class='ocrx_word' id='word_1_3' title='bbox 860 145 1327 189; x_wconf 86' lang='lat' dir='ltr'><strong>CATECHISMUS.</strong></span> 
     </span>
    </p>
   </div>
   <div class='ocr_carea' id='block_1_2' title="bbox 243 258 1647 2567">
    <p class='ocr_par' dir='ltr' id='par_1_2' title="bbox 315 258 1269 314">
     <span class='ocr_line' id='line_1_2' title="bbox 315 258 1269 314; baseline -0.001 -13"><span class='ocrx_word' id='word_1_4' title='bbox 315 260 377 301; x_wconf 91' lang='lat' dir='ltr'>M.</span> <span class='ocrx_word' id='word_1_5' title='bbox 410 258 595 301; x_wconf 85' lang='lat' dir='ltr'>Proximi</span> <span class='ocrx_word' id='word_1_6' title='bbox 617 273 766 299; x_wconf 90' lang='lat' dir='ltr'>nomen</span> <span class='ocrx_word' id='word_1_7' title='bbox 789 273 914 314; x_wconf 90' lang='lat' dir='ltr'>quam</span> <span class='ocrx_word' id='word_1_8' title='bbox 935 258 1017 300; x_wconf 91' lang='lat' dir='ltr'>late</span> <span class='ocrx_word' id='word_1_9' title='bbox 1038 275 1079 300; x_wconf 88' lang='lat' dir='ltr'>se</span> <span class='ocrx_word' id='word_1_10' title='bbox 1099 259 1269 301; x_wconf 88' lang='lat' dir='ltr'>fundit?</span> 
     </span>
    </p>

    <p class='ocr_par' dir='ltr' id='par_1_3' title="bbox 252 326 1647 589">
     <span class='ocr_line' id='line_1_3' title="bbox 312 326 1647 384; baseline 0.001 -16"><span class='ocrx_word' id='word_1_11' title='bbox 312 329 369 369; x_wconf 88' lang='lat' dir='ltr'>A.</span> <span class='ocrx_word' id='word_1_12' title='bbox 401 328 500 368; x_wconf 92' lang='lat' dir='ltr'>Non</span> <span class='ocrx_word' id='word_1_13' title='bbox 535 335 730 382; x_wconf 84' lang='lat' dir='ltr'>cognatos</span> <span class='ocrx_word' id='word_1_14' title='bbox 759 326 897 376; x_wconf 89' lang='lat' dir='ltr'>modo,</span> <span class='ocrx_word' id='word_1_15' title='bbox 929 326 1083 378; x_wconf 85' lang='lat' dir='ltr'>affines,</span> <span class='ocrx_word' id='word_1_16' title='bbox 1115 336 1188 368; x_wconf 91' lang='lat' dir='ltr'>aut</span> <span class='ocrx_word' id='word_1_17' title='bbox 1219 327 1384 379; x_wconf 84' lang='lat' dir='ltr'>amicos,</span> <span class='ocrx_word' id='word_1_18' title='bbox 1406 328 1480 384; x_wconf 88' lang='lat' dir='ltr'>qui</span> <span class='ocrx_word' id='word_1_19' title='bbox 1509 327 1647 384; x_wconf 84' lang='lat' dir='ltr'>aliqua</span> 
     </span>
     <span class='ocr_line' id='line_1_4' title="bbox 253 393 1643 451; baseline -0.001 -13"><span class='ocrx_word' id='word_1_20' title='bbox 253 396 468 438; x_wconf 85' lang='lat' dir='ltr'>nobiscum</span> <span class='ocrx_word' id='word_1_21' title='bbox 488 393 789 436; x_wconf 79' lang='lat' dir='ltr'>necessitudine</span> <span class='ocrx_word' id='word_1_22' title='bbox 810 403 907 435; x_wconf 88' lang='lat' dir='ltr'>sunt</span> <span class='ocrx_word' id='word_1_23' title='bbox 927 395 1160 451; x_wconf 79' lang='lat' dir='ltr'>conjuncti3</span> <span class='ocrx_word' id='word_1_24' title='bbox 1190 411 1334 437; x_wconf 89' lang='lat' dir='ltr'>verum</span> <span class='ocrx_word' id='word_1_25' title='bbox 1357 404 1398 437; x_wconf 89' lang='lat' dir='ltr'>et</span> <span class='ocrx_word' id='word_1_26' title='bbox 1418 411 1486 437; x_wconf 88' lang='lat' dir='ltr'>eos</span> <span class='ocrx_word' id='word_1_27' title='bbox 1506 396 1643 447; x_wconf 87' lang='lat' dir='ltr'>etiam,</span> 
     </span>
     <span class='ocr_line' id='line_1_5' title="bbox 253 461 1647 520; baseline 0.001 -15"><span class='ocrx_word' id='word_1_28' title='bbox 253 464 326 520; x_wconf 91' lang='lat' dir='ltr'>qui</span> <span class='ocrx_word' id='word_1_29' title='bbox 356 463 474 505; x_wconf 90' lang='lat' dir='ltr'>nobis</span> <span class='ocrx_word' id='word_1_30' title='bbox 503 471 632 504; x_wconf 90' lang='lat' dir='ltr'>zsunt</span> <span class='ocrx_word' id='word_1_31' title='bbox 661 461 874 518; x_wconf 84' lang='lat' dir='ltr'>incogniti,</span> <span class='ocrx_word' id='word_1_32' title='bbox 905 462 1091 519; x_wconf 84' lang='lat' dir='ltr'>adeoque</span> <span class='ocrx_word' id='word_1_33' title='bbox 1120 463 1305 505; x_wconf 86' lang='lat' dir='ltr'>inimicos</span> <span class='ocrx_word' id='word_1_34' title='bbox 1336 463 1459 505; x_wconf 89' lang='lat' dir='ltr'>etiam</span> <span class='ocrx_word' id='word_1_35' title='bbox 1486 472 1647 506; x_wconf 85' lang='lat' dir='ltr'>nostros</span> 
     </span>
     <span class='ocr_line' id='line_1_6' title="bbox 252 529 993 589; baseline -0.004 -16"><span class='ocrx_word' id='word_1_36' title='bbox 252 531 539 589; x_wconf 80' lang='lat' dir='ltr'>complectitur</span> <span class='ocrx_word' id='word_1_37' title='bbox 559 530 738 586; x_wconf 83' lang='lat' dir='ltr'>proximi</span> <span class='ocrx_word' id='word_1_38' title='bbox 759 529 993 586; x_wconf 85' lang='lat' dir='ltr'>appellatio.</span> 
     </span>
    </p>

    <p class='ocr_par' dir='ltr' id='par_1_4' title="bbox 311 598 1442 655">
     <span class='ocr_line' id='line_1_7' title="bbox 311 598 1442 655; baseline -0.002 -14"><span class='ocrx_word' id='word_1_39' title='bbox 311 601 374 641; x_wconf 92' lang='lat' dir='ltr'>M.</span> <span class='ocrx_word' id='word_1_40' title='bbox 407 601 470 640; x_wconf 91' lang='lat' dir='ltr'>At</span> <span class='ocrx_word' id='word_1_41' title='bbox 493 599 595 655; x_wconf 89' lang='lat' dir='ltr'>quid</span> <span class='ocrx_word' id='word_1_42' title='bbox 616 598 682 639; x_wconf 84' lang='lat' dir='ltr'>isti</span> <span class='ocrx_word' id='word_1_43' title='bbox 702 598 914 639; x_wconf 84' lang='lat' dir='ltr'>nobiscum</span> <span class='ocrx_word' id='word_1_44' title='bbox 938 598 1093 639; x_wconf 88' lang='lat' dir='ltr'>habent</span> <span class='ocrx_word' id='word_1_45' title='bbox 1113 598 1442 639; x_wconf 86' lang='lat' dir='ltr'>communionis?</span> 
     </span>
    </p>

    <p class='ocr_par' dir='ltr' id='par_1_5' title="bbox 248 666 1646 1393">
     <span class='ocr_line' id='line_1_8' title="bbox 308 666 1646 722; baseline -0.001 -13"><span class='ocrx_word' id='word_1_46' title='bbox 308 670 367 710; x_wconf 89' lang='lat' dir='ltr'>A.</span> <span class='ocrx_word' id='word_1_47' title='bbox 399 670 466 709; x_wconf 90' lang='lat' dir='ltr'>Eo</span> <span class='ocrx_word' id='word_1_48' title='bbox 496 683 592 708; x_wconf 83' lang='lat' dir='ltr'>sane</span> <span class='ocrx_word' id='word_1_49' title='bbox 612 666 793 716; x_wconf 87' lang='lat' dir='ltr'>vinculo,</span> <span class='ocrx_word' id='word_1_50' title='bbox 816 682 900 722; x_wconf 91' lang='lat' dir='ltr'>quo</span> <span class='ocrx_word' id='word_1_51' title='bbox 921 668 1039 707; x_wconf 87' lang='lat' dir='ltr'>Deus</span> <span class='ocrx_word' id='word_1_52' title='bbox 1069 666 1307 707; x_wconf 87' lang='lat' dir='ltr'>universum</span> <span class='ocrx_word' id='word_1_53' title='bbox 1339 681 1471 722; x_wconf 87' lang='lat' dir='ltr'>genus</span> <span class='ocrx_word' id='word_1_54' title='bbox 1499 666 1646 708; x_wconf 85' lang='lat' dir='ltr'>huma-</span> 
     </span>
     <span class='ocr_line' id='line_1_9' title="bbox 250 734 1646 792; baseline -0.001 -14"><span class='ocrx_word' id='word_1_55' title='bbox 250 753 352 778; x_wconf 91' lang='lat' dir='ltr'>num</span> <span class='ocrx_word' id='word_1_56' title='bbox 378 735 600 792; x_wconf 86' lang='lat' dir='ltr'>colligavit,</span> <span class='ocrx_word' id='word_1_57' title='bbox 621 734 741 776; x_wconf 85' lang='lat' dir='ltr'>nobis</span> <span class='ocrx_word' id='word_1_58' title='bbox 773 744 871 776; x_wconf 86' lang='lat' dir='ltr'>sunt</span> <span class='ocrx_word' id='word_1_59' title='bbox 899 734 1135 791; x_wconf 78' lang='lat' dir='ltr'>conjuncti3</span> <span class='ocrx_word' id='word_1_60' title='bbox 1169 734 1283 791; x_wconf 91' lang='lat' dir='ltr'>quod</span> <span class='ocrx_word' id='word_1_61' title='bbox 1313 734 1547 775; x_wconf 89' lang='lat' dir='ltr'>inviolabile</span> <span class='ocrx_word' id='word_1_62' title='bbox 1568 743 1646 776; x_wconf 74' lang='lat' dir='ltr'>aac</span> 
     </span>
     <span class='ocr_line' id='line_1_10' title="bbox 250 802 1646 859; baseline -0.001 -13"><span class='ocrx_word' id='word_1_63' title='bbox 250 807 415 846; x_wconf 87' lang='lat' dir='ltr'>firmum</span> <span class='ocrx_word' id='word_1_64' title='bbox 447 820 531 845; x_wconf 86' lang='lat' dir='ltr'>esse</span> <span class='ocrx_word' id='word_1_65' title='bbox 561 803 707 854; x_wconf 91' lang='lat' dir='ltr'>voluit,</span> <span class='ocrx_word' id='word_1_66' title='bbox 737 812 778 844; x_wconf 91' lang='lat' dir='ltr'>et</span> <span class='ocrx_word' id='word_1_67' title='bbox 808 803 964 844; x_wconf 90' lang='lat' dir='ltr'>nullius</span> <span class='ocrx_word' id='word_1_68' title='bbox 995 803 1169 859; x_wconf 89' lang='lat' dir='ltr'>proinde</span> <span class='ocrx_word' id='word_1_69' title='bbox 1201 802 1419 859; x_wconf 81' lang='lat' dir='ltr'>pravitate,</span> <span class='ocrx_word' id='word_1_70' title='bbox 1440 802 1549 853; x_wconf 89' lang='lat' dir='ltr'>odio,</span> <span class='ocrx_word' id='word_1_71' title='bbox 1572 811 1646 844; x_wconf 89' lang='lat' dir='ltr'>aut</span> 
     </span>
     <span class='ocr_line' id='line_1_11' title="bbox 249 871 1645 929; baseline -0.003 -14"><span class='ocrx_word' id='word_1_72' title='bbox 249 873 535 915; x_wconf 84' lang='lat' dir='ltr'>malevolentia</span> <span class='ocrx_word' id='word_1_73' title='bbox 564 873 718 915; x_wconf 82' lang='lat' dir='ltr'>aboleri</span> <span class='ocrx_word' id='word_1_74' title='bbox 748 880 896 929; x_wconf 87' lang='lat' dir='ltr'>potest.</span> <span class='ocrx_word' id='word_1_75' title='bbox 958 871 1157 922; x_wconf 84' lang='lat' dir='ltr'>Quamvis</span> <span class='ocrx_word' id='word_1_76' title='bbox 1188 871 1297 912; x_wconf 90' lang='lat' dir='ltr'>enim</span> <span class='ocrx_word' id='word_1_77' title='bbox 1333 886 1407 912; x_wconf 91' lang='lat' dir='ltr'>nos</span> <span class='ocrx_word' id='word_1_78' title='bbox 1439 871 1645 927; x_wconf 78' lang='lat' dir='ltr'>quispiam</span> 
     </span>
     <span class='ocr_line' id='line_1_12' title="bbox 249 939 1645 997; baseline -0.003 -13"><span class='ocrx_word' id='word_1_79' title='bbox 249 943 396 994; x_wconf 87' lang='lat' dir='ltr'>oderit,</span> <span class='ocrx_word' id='word_1_80' title='bbox 418 950 558 983; x_wconf 86' lang='lat' dir='ltr'>manet</span> <span class='ocrx_word' id='word_1_81' title='bbox 587 941 856 982; x_wconf 88' lang='lat' dir='ltr'>nihilominus</span> <span class='ocrx_word' id='word_1_82' title='bbox 886 941 972 997; x_wconf 87' lang='lat' dir='ltr'>ipse</span> <span class='ocrx_word' id='word_1_83' title='bbox 1002 940 1120 981; x_wconf 86' lang='lat' dir='ltr'>nobis</span> <span class='ocrx_word' id='word_1_84' title='bbox 1151 939 1380 996; x_wconf 84' lang='lat' dir='ltr'>proximus,</span> <span class='ocrx_word' id='word_1_85' title='bbox 1404 955 1535 995; x_wconf 90' lang='lat' dir='ltr'>eoque</span> <span class='ocrx_word' id='word_1_86' title='bbox 1554 939 1645 980; x_wconf 90' lang='lat' dir='ltr'>loco</span> 
     </span>
     <span class='ocr_line' id='line_1_13' title="bbox 250 1007 1645 1068; baseline -0.004 -15"><span class='ocrx_word' id='word_1_87' title='bbox 250 1027 410 1068; x_wconf 79' lang='lat' dir='ltr'>semper</span> <span class='ocrx_word' id='word_1_88' title='bbox 439 1009 655 1051; x_wconf 86' lang='lat' dir='ltr'>habendus</span> <span class='ocrx_word' id='word_1_89' title='bbox 685 1017 760 1059; x_wconf 88' lang='lat' dir='ltr'>est,</span> <span class='ocrx_word' id='word_1_90' title='bbox 783 1009 897 1064; x_wconf 92' lang='lat' dir='ltr'>quod</span> <span class='ocrx_word' id='word_1_91' title='bbox 917 1008 1020 1049; x_wconf 91' lang='lat' dir='ltr'>ordo</span> <span class='ocrx_word' id='word_1_92' title='bbox 1047 1007 1128 1057; x_wconf 86' lang='lat' dir='ltr'>ille,</span> <span class='ocrx_word' id='word_1_93' title='bbox 1150 1023 1225 1064; x_wconf 87' lang='lat' dir='ltr'>per</span> <span class='ocrx_word' id='word_1_94' title='bbox 1244 1023 1369 1064; x_wconf 88' lang='lat' dir='ltr'>quem</span> <span class='ocrx_word' id='word_1_95' title='bbox 1399 1007 1488 1048; x_wconf 87' lang='lat' dir='ltr'>haec</span> <span class='ocrx_word' id='word_1_96' title='bbox 1514 1007 1645 1047; x_wconf 91' lang='lat' dir='ltr'>homi-</span> 
     </span>
     <span class='ocr_line' id='line_1_14' title="bbox 249 1073 1638 1131; baseline -0.004 -11"><span class='ocrx_word' id='word_1_97' title='bbox 249 1095 351 1120; x_wconf 90' lang='lat' dir='ltr'>num</span> <span class='ocrx_word' id='word_1_98' title='bbox 385 1079 492 1119; x_wconf 88' lang='lat' dir='ltr'>inter</span> <span class='ocrx_word' id='word_1_99' title='bbox 526 1076 712 1118; x_wconf 85' lang='lat' dir='ltr'>homines</span> <span class='ocrx_word' id='word_1_100' title='bbox 752 1076 935 1125; x_wconf 86' lang='lat' dir='ltr'>societas,</span> <span class='ocrx_word' id='word_1_101' title='bbox 971 1085 1012 1117; x_wconf 90' lang='lat' dir='ltr'>et</span> <span class='ocrx_word' id='word_1_102' title='bbox 1045 1074 1281 1131; x_wconf 88' lang='lat' dir='ltr'>conjunctio</span> <span class='ocrx_word' id='word_1_103' title='bbox 1315 1084 1375 1115; x_wconf 87' lang='lat' dir='ltr'>est</span> <span class='ocrx_word' id='word_1_104' title='bbox 1410 1073 1638 1125; x_wconf 85' lang='lat' dir='ltr'>conciliata,</span> 
     </span>
     <span class='ocr_line' id='line_1_15' title="bbox 249 1143 1643 1202; baseline -0.004 -14"><span class='ocrx_word' id='word_1_105' title='bbox 249 1148 394 1188; x_wconf 85' lang='lat' dir='ltr'>firmus</span> <span class='ocrx_word' id='word_1_106' title='bbox 413 1157 539 1202; x_wconf 91' lang='lat' dir='ltr'>atque</span> <span class='ocrx_word' id='word_1_107' title='bbox 558 1145 804 1186; x_wconf 86' lang='lat' dir='ltr'>inviolabilis</span> <span class='ocrx_word' id='word_1_108' title='bbox 825 1159 985 1199; x_wconf 87' lang='lat' dir='ltr'>semper</span> <span class='ocrx_word' id='word_1_109' title='bbox 1008 1158 1174 1184; x_wconf 89' lang='lat' dir='ltr'>manere</span> <span class='ocrx_word' id='word_1_110' title='bbox 1194 1143 1353 1183; x_wconf 88' lang='lat' dir='ltr'>debeat.</span> <span class='ocrx_word' id='word_1_111' title='bbox 1414 1144 1560 1198; x_wconf 85' lang='lat' dir='ltr'>Atque</span> <span class='ocrx_word' id='word_1_112' title='bbox 1590 1157 1643 1183; x_wconf 85' lang='lat' dir='ltr'>ex</span> 
     </span>
     <span class='ocr_line' id='line_1_16' title="bbox 249 1209 1639 1270; baseline -0.005 -13"><span class='ocrx_word' id='word_1_113' title='bbox 249 1216 327 1257; x_wconf 93' lang='lat' dir='ltr'>hoc</span> <span class='ocrx_word' id='word_1_114' title='bbox 348 1215 466 1256; x_wconf 81' lang='lat' dir='ltr'>facile</span> <span class='ocrx_word' id='word_1_115' title='bbox 486 1214 659 1270; x_wconf 83' lang='lat' dir='ltr'>intelligi</span> <span class='ocrx_word' id='word_1_116' title='bbox 679 1221 829 1270; x_wconf 84' lang='lat' dir='ltr'>potest,</span> <span class='ocrx_word' id='word_1_117' title='bbox 851 1227 980 1268; x_wconf 86' lang='lat' dir='ltr'>quare</span> <span class='ocrx_word' id='word_1_118' title='bbox 1001 1211 1214 1267; x_wconf 85' lang='lat' dir='ltr'>Scriptura</span> <span class='ocrx_word' id='word_1_119' title='bbox 1237 1213 1360 1251; x_wconf 85' lang='lat' dir='ltr'>Sacra</span> <span class='ocrx_word' id='word_1_120' title='bbox 1382 1209 1639 1261; x_wconf 87' lang='lat' dir='ltr'>charitatem,</span> 
     </span>
     <span class='ocr_line' id='line_1_17' title="bbox 248 1278 1642 1337; baseline -0.004 -13"><span class='ocrx_word' id='word_1_121' title='bbox 248 1284 367 1325; x_wconf 86' lang='lat' dir='ltr'>bsive</span> <span class='ocrx_word' id='word_1_122' title='bbox 397 1297 578 1323; x_wconf 90' lang='lat' dir='ltr'>amorem</span> <span class='ocrx_word' id='word_1_123' title='bbox 607 1282 714 1323; x_wconf 87' lang='lat' dir='ltr'>inter</span> <span class='ocrx_word' id='word_1_124' title='bbox 743 1280 958 1337; x_wconf 84' lang='lat' dir='ltr'>primarias</span> <span class='ocrx_word' id='word_1_125' title='bbox 987 1279 1194 1335; x_wconf 83' lang='lat' dir='ltr'>religionis</span> <span class='ocrx_word' id='word_1_126' title='bbox 1226 1278 1471 1320; x_wconf 83' lang='lat' dir='ltr'>Christianae</span> <span class='ocrx_word' id='word_1_127' title='bbox 1502 1286 1642 1334; x_wconf 90' lang='lat' dir='ltr'>partes</span> 
     </span>
     <span class='ocr_line' id='line_1_18' title="bbox 248 1350 542 1393; baseline -0.01 0"><span class='ocrx_word' id='word_1_128' title='bbox 248 1368 334 1393; x_wconf 82' lang='lat' dir='ltr'>esse</span> <span class='ocrx_word' id='word_1_129' title='bbox 354 1350 542 1392; x_wconf 88' lang='lat' dir='ltr'>voluerit.</span> 
     </span>
    </p>

    <p class='ocr_par' dir='ltr' id='par_1_6' title="bbox 247 1414 1639 1542">
     <span class='ocr_line' id='line_1_19' title="bbox 306 1414 1639 1474; baseline -0.005 -13"><span class='ocrx_word' id='word_1_130' title='bbox 306 1422 370 1461; x_wconf 88' lang='lat' dir='ltr'>M.</span> <span class='ocrx_word' id='word_1_131' title='bbox 408 1421 560 1461; x_wconf 90' lang='lat' dir='ltr'>Verum</span> <span class='ocrx_word' id='word_1_132' title='bbox 590 1418 694 1474; x_wconf 88' lang='lat' dir='ltr'>quid</span> <span class='ocrx_word' id='word_1_133' title='bbox 725 1417 798 1459; x_wconf 88' lang='lat' dir='ltr'>sibi</span> <span class='ocrx_word' id='word_1_134' title='bbox 831 1416 923 1457; x_wconf 88' lang='lat' dir='ltr'>vult</span> <span class='ocrx_word' id='word_1_135' title='bbox 952 1416 1066 1472; x_wconf 88' lang='lat' dir='ltr'>quod</span> <span class='ocrx_word' id='word_1_136' title='bbox 1096 1416 1137 1456; x_wconf 92' lang='lat' dir='ltr'>in</span> <span class='ocrx_word' id='word_1_137' title='bbox 1165 1416 1247 1456; x_wconf 86' lang='lat' dir='ltr'>fine</span> <span class='ocrx_word' id='word_1_138' title='bbox 1276 1414 1534 1471; x_wconf 81' lang='lat' dir='ltr'>adjungitur,</span> <span class='ocrx_word' id='word_1_139' title='bbox 1556 1415 1639 1456; x_wconf 94' lang='lat' dir='ltr'>huc</span> 
     </span>
     <span class='ocr_line' id='line_1_20' title="bbox 247 1487 1065 1542; baseline -0.007 -12"><span class='ocrx_word' id='word_1_140' title='bbox 247 1488 390 1530; x_wconf 89' lang='lat' dir='ltr'>referri</span> <span class='ocrx_word' id='word_1_141' title='bbox 411 1496 539 1529; x_wconf 88' lang='lat' dir='ltr'>totam</span> <span class='ocrx_word' id='word_1_142' title='bbox 562 1487 721 1542; x_wconf 86' lang='lat' dir='ltr'>Legem</span> <span class='ocrx_word' id='word_1_143' title='bbox 742 1494 783 1527; x_wconf 91' lang='lat' dir='ltr'>et</span> <span class='ocrx_word' id='word_1_144' title='bbox 804 1487 1065 1541; x_wconf 84' lang='lat' dir='ltr'>Prophetas?</span> 
     </span>
    </p>

    <p class='ocr_par' dir='ltr' id='par_1_7' title="bbox 246 1550 1642 1952">
     <span class='ocr_line' id='line_1_21' title="bbox 306 1550 1642 1607; baseline -0.006 -9"><span class='ocrx_word' id='word_1_145' title='bbox 306 1559 364 1598; x_wconf 86' lang='lat' dir='ltr'>A.</span> <span class='ocrx_word' id='word_1_146' title='bbox 397 1555 520 1606; x_wconf 83' lang='lat' dir='ltr'>Quod</span> <span class='ocrx_word' id='word_1_147' title='bbox 541 1570 684 1596; x_wconf 87' lang='lat' dir='ltr'>revera</span> <span class='ocrx_word' id='word_1_148' title='bbox 703 1552 887 1595; x_wconf 89' lang='lat' dir='ltr'>omnium</span> <span class='ocrx_word' id='word_1_149' title='bbox 911 1568 1072 1593; x_wconf 85' lang='lat' dir='ltr'>summa</span> <span class='ocrx_word' id='word_1_150' title='bbox 1092 1551 1190 1592; x_wconf 87' lang='lat' dir='ltr'>illuc</span> <span class='ocrx_word' id='word_1_151' title='bbox 1213 1550 1427 1607; x_wconf 87' lang='lat' dir='ltr'>pertineat.</span> <span class='ocrx_word' id='word_1_152' title='bbox 1479 1550 1642 1592; x_wconf 79' lang='lat' dir='ltr'>Admo-</span> 
     </span>
     <span class='ocr_line' id='line_1_22' title="bbox 248 1619 1638 1680; baseline -0.006 -14"><span class='ocrx_word' id='word_1_153' title='bbox 248 1626 422 1666; x_wconf 89' lang='lat' dir='ltr'>nitiones</span> <span class='ocrx_word' id='word_1_154' title='bbox 452 1624 574 1673; x_wconf 86' lang='lat' dir='ltr'>enim,</span> <span class='ocrx_word' id='word_1_155' title='bbox 597 1631 818 1680; x_wconf 85' lang='lat' dir='ltr'>praecepta,</span> <span class='ocrx_word' id='word_1_156' title='bbox 841 1620 1155 1671; x_wconf 82' lang='lat' dir='ltr'>cohortationes,</span> <span class='ocrx_word' id='word_1_157' title='bbox 1178 1619 1479 1676; x_wconf 87' lang='lat' dir='ltr'>promissiones,</span> <span class='ocrx_word' id='word_1_158' title='bbox 1501 1619 1638 1670; x_wconf 87' lang='lat' dir='ltr'>minae,</span> 
     </span>
     <span class='ocr_line' id='line_1_23' title="bbox 248 1687 1637 1750; baseline -0.005 -15"><span class='ocrx_word' id='word_1_159' title='bbox 248 1694 400 1750; x_wconf 82' lang='lat' dir='ltr'>quibus</span> <span class='ocrx_word' id='word_1_160' title='bbox 429 1693 580 1749; x_wconf 88' lang='lat' dir='ltr'>passim</span> <span class='ocrx_word' id='word_1_161' title='bbox 610 1692 699 1748; x_wconf 87' lang='lat' dir='ltr'>ipsa</span> <span class='ocrx_word' id='word_1_162' title='bbox 720 1692 813 1732; x_wconf 86' lang='lat' dir='ltr'>Lex</span> <span class='ocrx_word' id='word_1_163' title='bbox 833 1699 874 1732; x_wconf 89' lang='lat' dir='ltr'>et</span> <span class='ocrx_word' id='word_1_164' title='bbox 900 1690 1137 1746; x_wconf 79' lang='lat' dir='ltr'>Prophetae,</span> <span class='ocrx_word' id='word_1_165' title='bbox 1160 1696 1201 1729; x_wconf 89' lang='lat' dir='ltr'>et</span> <span class='ocrx_word' id='word_1_166' title='bbox 1224 1687 1415 1745; x_wconf 84' lang='lat' dir='ltr'>Apostoli</span> <span class='ocrx_word' id='word_1_167' title='bbox 1446 1696 1637 1739; x_wconf 83' lang='lat' dir='ltr'>utuntur,</span> 
     </span>
     <span class='ocr_line' id='line_1_24' title="bbox 248 1756 1640 1817; baseline -0.005 -14"><span class='ocrx_word' id='word_1_168' title='bbox 248 1763 301 1804; x_wconf 87' lang='lat' dir='ltr'>ad</span> <span class='ocrx_word' id='word_1_169' title='bbox 320 1761 423 1802; x_wconf 86' lang='lat' dir='ltr'>nihil</span> <span class='ocrx_word' id='word_1_170' title='bbox 442 1761 556 1802; x_wconf 90' lang='lat' dir='ltr'>aliud</span> <span class='ocrx_word' id='word_1_171' title='bbox 577 1775 704 1817; x_wconf 91' lang='lat' dir='ltr'>quam</span> <span class='ocrx_word' id='word_1_172' title='bbox 724 1759 852 1815; x_wconf 87' lang='lat' dir='ltr'>hujus</span> <span class='ocrx_word' id='word_1_173' title='bbox 872 1758 973 1814; x_wconf 86' lang='lat' dir='ltr'>legis</span> <span class='ocrx_word' id='word_1_174' title='bbox 993 1759 1132 1808; x_wconf 88' lang='lat' dir='ltr'>finem,</span> <span class='ocrx_word' id='word_1_175' title='bbox 1156 1756 1273 1813; x_wconf 84' lang='lat' dir='ltr'>quasi</span> <span class='ocrx_word' id='word_1_176' title='bbox 1294 1757 1346 1797; x_wconf 88' lang='lat' dir='ltr'>ad</span> <span class='ocrx_word' id='word_1_177' title='bbox 1368 1771 1537 1812; x_wconf 81' lang='lat' dir='ltr'>scopum</span> <span class='ocrx_word' id='word_1_178' title='bbox 1557 1756 1640 1797; x_wconf 89' lang='lat' dir='ltr'>col-</span> 
     </span>
     <span class='ocr_line' id='line_1_25' title="bbox 246 1824 1639 1871; baseline -0.004 0"><span class='ocrx_word' id='word_1_179' title='bbox 246 1831 403 1871; x_wconf 89' lang='lat' dir='ltr'>limant.</span> <span class='ocrx_word' id='word_1_180' title='bbox 463 1831 523 1871; x_wconf 82' lang='lat' dir='ltr'>Et</span> <span class='ocrx_word' id='word_1_181' title='bbox 549 1829 603 1870; x_wconf 85' lang='lat' dir='ltr'>ad</span> <span class='ocrx_word' id='word_1_182' title='bbox 633 1828 873 1870; x_wconf 83' lang='lat' dir='ltr'>charitatem</span> <span class='ocrx_word' id='word_1_183' title='bbox 895 1827 1063 1867; x_wconf 80' lang='lat' dir='ltr'>comnia</span> <span class='ocrx_word' id='word_1_184' title='bbox 1092 1826 1134 1866; x_wconf 91' lang='lat' dir='ltr'>in</span> <span class='ocrx_word' id='word_1_185' title='bbox 1165 1825 1287 1866; x_wconf 85' lang='lat' dir='ltr'>saeris</span> <span class='ocrx_word' id='word_1_186' title='bbox 1312 1824 1440 1865; x_wconf 87' lang='lat' dir='ltr'>literis</span> <span class='ocrx_word' id='word_1_187' title='bbox 1460 1825 1515 1866; x_wconf 89' lang='lat' dir='ltr'>sic</span> <span class='ocrx_word' id='word_1_188' title='bbox 1535 1825 1639 1866; x_wconf 85' lang='lat' dir='ltr'>refe-</span> 
     </span>
     <span class='ocr_line' id='line_1_26' title="bbox 247 1893 1354 1952; baseline -0.006 -12"><span class='ocrx_word' id='word_1_189' title='bbox 247 1909 413 1949; x_wconf 86' lang='lat' dir='ltr'>runtur,</span> <span class='ocrx_word' id='word_1_190' title='bbox 436 1906 484 1939; x_wconf 92' lang='lat' dir='ltr'>ut</span> <span class='ocrx_word' id='word_1_191' title='bbox 504 1913 552 1939; x_wconf 91' lang='lat' dir='ltr'>eo</span> <span class='ocrx_word' id='word_1_192' title='bbox 571 1913 645 1938; x_wconf 89' lang='lat' dir='ltr'>nos</span> <span class='ocrx_word' id='word_1_193' title='bbox 666 1895 783 1952; x_wconf 87' lang='lat' dir='ltr'>quasi</span> <span class='ocrx_word' id='word_1_194' title='bbox 804 1911 931 1936; x_wconf 88' lang='lat' dir='ltr'>manu</span> <span class='ocrx_word' id='word_1_195' title='bbox 952 1895 1103 1936; x_wconf 87' lang='lat' dir='ltr'>ducere</span> <span class='ocrx_word' id='word_1_196' title='bbox 1123 1893 1354 1934; x_wconf 88' lang='lat' dir='ltr'>videantur.</span> 
     </span>
    </p>

    <p class='ocr_par' dir='ltr' id='par_1_8' title="bbox 247 1960 1638 2158">
     <span class='ocr_line' id='line_1_27' title="bbox 305 1960 1636 2021; baseline -0.006 -14"><span class='ocrx_word' id='word_1_197' title='bbox 305 1968 369 2007; x_wconf 91' lang='lat' dir='ltr'>M.</span> <span class='ocrx_word' id='word_1_198' title='bbox 402 1967 432 2006; x_wconf 85' lang='lat' dir='ltr'>J</span> <span class='ocrx_word' id='word_1_199' title='bbox 435 1981 500 2006; x_wconf 90' lang='lat' dir='ltr'>am</span> <span class='ocrx_word' id='word_1_200' title='bbox 526 1981 650 2021; x_wconf 90' lang='lat' dir='ltr'>porro</span> <span class='ocrx_word' id='word_1_201' title='bbox 671 1964 764 2005; x_wconf 92' lang='lat' dir='ltr'>volo</span> <span class='ocrx_word' id='word_1_202' title='bbox 784 1972 831 2004; x_wconf 91' lang='lat' dir='ltr'>ut</span> <span class='ocrx_word' id='word_1_203' title='bbox 858 1963 959 2003; x_wconf 86' lang='lat' dir='ltr'>mihi</span> <span class='ocrx_word' id='word_1_204' title='bbox 981 1962 1104 2010; x_wconf 80' lang='lat' dir='ltr'>dicas,</span> <span class='ocrx_word' id='word_1_205' title='bbox 1126 1975 1317 2017; x_wconf 86' lang='lat' dir='ltr'>quaenam</span> <span class='ocrx_word' id='word_1_206' title='bbox 1349 1960 1400 2000; x_wconf 88' lang='lat' dir='ltr'>sit</span> <span class='ocrx_word' id='word_1_207' title='bbox 1428 1960 1520 2000; x_wconf 85' lang='lat' dir='ltr'>Lex</span> <span class='ocrx_word' id='word_1_208' title='bbox 1548 1960 1636 2000; x_wconf 87' lang='lat' dir='ltr'>haec</span> 
     </span>
     <span class='ocr_line' id='line_1_28' title="bbox 247 2028 1638 2092; baseline -0.006 -16"><span class='ocrx_word' id='word_1_209' title='bbox 247 2050 374 2092; x_wconf 85' lang='lat' dir='ltr'>quam</span> <span class='ocrx_word' id='word_1_210' title='bbox 406 2049 561 2085; x_wconf 85' lang='lat' dir='ltr'>narras,</span> <span class='ocrx_word' id='word_1_211' title='bbox 583 2033 779 2074; x_wconf 88' lang='lat' dir='ltr'>eademne</span> <span class='ocrx_word' id='word_1_212' title='bbox 809 2031 880 2072; x_wconf 83' lang='lat' dir='ltr'>illa</span> <span class='ocrx_word' id='word_1_213' title='bbox 905 2045 1031 2087; x_wconf 85' lang='lat' dir='ltr'>quam</span> <span class='ocrx_word' id='word_1_214' title='bbox 1063 2045 1137 2070; x_wconf 88' lang='lat' dir='ltr'>nos</span> <span class='ocrx_word' id='word_1_215' title='bbox 1167 2043 1360 2069; x_wconf 88' lang='lat' dir='ltr'>vocamus</span> <span class='ocrx_word' id='word_1_216' title='bbox 1381 2028 1536 2083; x_wconf 84' lang='lat' dir='ltr'>Legem</span> <span class='ocrx_word' id='word_1_217' title='bbox 1567 2042 1638 2068; x_wconf 86' lang='lat' dir='ltr'>na-</span> 
     </span>
     <span class='ocr_line' id='line_1_29' title="bbox 248 2098 1043 2158; baseline -0.009 -14"><span class='ocrx_word' id='word_1_218' title='bbox 248 2114 367 2154; x_wconf 86' lang='lat' dir='ltr'>turae,</span> <span class='ocrx_word' id='word_1_219' title='bbox 389 2117 441 2143; x_wconf 87' lang='lat' dir='ltr'>an</span> <span class='ocrx_word' id='word_1_220' title='bbox 462 2109 613 2158; x_wconf 85' lang='lat' dir='ltr'>praeter</span> <span class='ocrx_word' id='word_1_221' title='bbox 634 2116 722 2141; x_wconf 90' lang='lat' dir='ltr'>eam</span> <span class='ocrx_word' id='word_1_222' title='bbox 743 2099 866 2141; x_wconf 89' lang='lat' dir='ltr'>etiam</span> <span class='ocrx_word' id='word_1_223' title='bbox 885 2098 1043 2139; x_wconf 85' lang='lat' dir='ltr'>altera?</span> 
     </span>
    </p>

    <p class='ocr_par' dir='ltr' id='par_1_9' title="bbox 243 2161 1637 2567">
     <span class='ocr_line' id='line_1_30' title="bbox 304 2161 1634 2218; baseline -0.009 -6"><span class='ocrx_word' id='word_1_224' title='bbox 304 2173 361 2212; x_wconf 89' lang='lat' dir='ltr'>A.</span> <span class='ocrx_word' id='word_1_225' title='bbox 408 2171 462 2211; x_wconf 86' lang='lat' dir='ltr'>Id</span> <span class='ocrx_word' id='word_1_226' title='bbox 497 2169 594 2211; x_wconf 91' lang='lat' dir='ltr'>olim</span> <span class='ocrx_word' id='word_1_227' title='bbox 635 2169 709 2210; x_wconf 84' lang='lat' dir='ltr'>abs</span> <span class='ocrx_word' id='word_1_228' title='bbox 751 2178 791 2210; x_wconf 89' lang='lat' dir='ltr'>te</span> <span class='ocrx_word' id='word_1_229' title='bbox 832 2182 898 2208; x_wconf 88' lang='lat' dir='ltr'>me</span> <span class='ocrx_word' id='word_1_230' title='bbox 939 2164 1127 2207; x_wconf 86' lang='lat' dir='ltr'>didicisse</span> <span class='ocrx_word' id='word_1_231' title='bbox 1168 2161 1349 2212; x_wconf 81' lang='lat' dir='ltr'>memini,</span> <span class='ocrx_word' id='word_1_232' title='bbox 1382 2163 1634 2218; x_wconf 81' lang='lat' dir='ltr'>Praeceptor,</span> 
     </span>
     <span class='ocr_line' id='line_1_31' title="bbox 246 2229 1637 2295; baseline -0.009 -15"><span class='ocrx_word' id='word_1_233' title='bbox 246 2255 394 2295; x_wconf 91' lang='lat' dir='ltr'>nempe</span> <span class='ocrx_word' id='word_1_234' title='bbox 414 2239 588 2294; x_wconf 81' lang='lat' dir='ltr'>Legem,</span> <span class='ocrx_word' id='word_1_235' title='bbox 610 2246 659 2278; x_wconf 82' lang='lat' dir='ltr'>ut</span> <span class='ocrx_word' id='word_1_236' title='bbox 684 2236 884 2277; x_wconf 86' lang='lat' dir='ltr'>rationem</span> <span class='ocrx_word' id='word_1_237' title='bbox 917 2247 1119 2275; x_wconf 86' lang='lat' dir='ltr'>summam</span> <span class='ocrx_word' id='word_1_238' title='bbox 1149 2231 1191 2271; x_wconf 90' lang='lat' dir='ltr'>in</span> <span class='ocrx_word' id='word_1_239' title='bbox 1222 2240 1371 2271; x_wconf 84' lang='lat' dir='ltr'>natura</span> <span class='ocrx_word' id='word_1_240' title='bbox 1400 2229 1582 2270; x_wconf 88' lang='lat' dir='ltr'>humana</span> <span class='ocrx_word' id='word_1_241' title='bbox 1612 2245 1637 2270; x_wconf 87' lang='lat' dir='ltr'>a</span> 
     </span>
     <span class='ocr_line' id='line_1_32' title="bbox 247 2297 1635 2359; baseline -0.009 -9"><span class='ocrx_word' id='word_1_242' title='bbox 247 2310 339 2350; x_wconf 89' lang='lat' dir='ltr'>Deo</span> <span class='ocrx_word' id='word_1_243' title='bbox 365 2308 526 2349; x_wconf 88' lang='lat' dir='ltr'>insitam</span> <span class='ocrx_word' id='word_1_244' title='bbox 548 2306 688 2355; x_wconf 84' lang='lat' dir='ltr'>fuisse,</span> <span class='ocrx_word' id='word_1_245' title='bbox 709 2320 803 2346; x_wconf 92' lang='lat' dir='ltr'>cum</span> <span class='ocrx_word' id='word_1_246' title='bbox 824 2304 1018 2359; x_wconf 80' lang='lat' dir='ltr'>dintegra</span> <span class='ocrx_word' id='word_1_247' title='bbox 1047 2300 1183 2342; x_wconf 87' lang='lat' dir='ltr'>adhuc</span> <span class='ocrx_word' id='word_1_248' title='bbox 1214 2315 1262 2340; x_wconf 87' lang='lat' dir='ltr'>ea</span> <span class='ocrx_word' id='word_1_249' title='bbox 1291 2307 1410 2349; x_wconf 83' lang='lat' dir='ltr'>esset,</span> <span class='ocrx_word' id='word_1_250' title='bbox 1433 2307 1473 2339; x_wconf 88' lang='lat' dir='ltr'>et</span> <span class='ocrx_word' id='word_1_251' title='bbox 1502 2297 1635 2339; x_wconf 89' lang='lat' dir='ltr'>incor-</span> 
     </span>
     <span class='ocr_line' id='line_1_33' title="bbox 244 2367 1630 2433; baseline -0.009 -15"><span class='ocrx_word' id='word_1_252' title='bbox 244 2386 394 2433; x_wconf 77' lang='lat' dir='ltr'>rupta3</span> <span class='ocrx_word' id='word_1_253' title='bbox 442 2377 509 2429; x_wconf 90' lang='lat' dir='ltr'>(ut</span> <span class='ocrx_word' id='word_1_254' title='bbox 547 2391 643 2431; x_wconf 84' lang='lat' dir='ltr'>quae</span> <span class='ocrx_word' id='word_1_255' title='bbox 688 2373 838 2415; x_wconf 88' lang='lat' dir='ltr'>scilicet</span> <span class='ocrx_word' id='word_1_256' title='bbox 878 2372 930 2413; x_wconf 90' lang='lat' dir='ltr'>ad</span> <span class='ocrx_word' id='word_1_257' title='bbox 969 2370 1049 2411; x_wconf 91' lang='lat' dir='ltr'>Dei</span> <span class='ocrx_word' id='word_1_258' title='bbox 1090 2368 1311 2425; x_wconf 86' lang='lat' dir='ltr'>imaginem</span> <span class='ocrx_word' id='word_1_259' title='bbox 1348 2375 1435 2407; x_wconf 86' lang='lat' dir='ltr'>erat</span> <span class='ocrx_word' id='word_1_260' title='bbox 1476 2367 1630 2420; x_wconf 86' lang='lat' dir='ltr'>creata)</span> 
     </span>
     <span class='ocr_line' id='line_1_34' title="bbox 244 2438 1634 2499; baseline -0.009 -14"><span class='ocrx_word' id='word_1_261' title='bbox 244 2444 383 2499; x_wconf 85' lang='lat' dir='ltr'>itaque</span> <span class='ocrx_word' id='word_1_262' title='bbox 406 2444 496 2484; x_wconf 86' lang='lat' dir='ltr'>Lex</span> <span class='ocrx_word' id='word_1_263' title='bbox 518 2451 678 2484; x_wconf 84' lang='lat' dir='ltr'>naturae</span> <span class='ocrx_word' id='word_1_264' title='bbox 699 2449 740 2482; x_wconf 90' lang='lat' dir='ltr'>et</span> <span class='ocrx_word' id='word_1_265' title='bbox 760 2449 834 2490; x_wconf 87' lang='lat' dir='ltr'>est,</span> <span class='ocrx_word' id='word_1_266' title='bbox 855 2448 896 2480; x_wconf 88' lang='lat' dir='ltr'>et</span> <span class='ocrx_word' id='word_1_267' title='bbox 917 2438 1079 2479; x_wconf 89' lang='lat' dir='ltr'>dicitur.</span> <span class='ocrx_word' id='word_1_268' title='bbox 1143 2438 1245 2478; x_wconf 89' lang='lat' dir='ltr'>Post</span> <span class='ocrx_word' id='word_1_269' title='bbox 1264 2443 1513 2476; x_wconf 84' lang='lat' dir='ltr'>contractam</span> <span class='ocrx_word' id='word_1_270' title='bbox 1538 2448 1634 2474; x_wconf 92' lang='lat' dir='ltr'>vero</span> 
     </span>
     <span class='ocr_line' id='line_1_35' title="bbox 243 2500 1633 2567; baseline -0.01 -14"><span class='ocrx_word' id='word_1_271' title='bbox 243 2511 399 2567; x_wconf 87' lang='lat' dir='ltr'>peccati</span> <span class='ocrx_word' id='word_1_272' title='bbox 432 2511 581 2561; x_wconf 87' lang='lat' dir='ltr'>labem,</span> <span class='ocrx_word' id='word_1_273' title='bbox 618 2508 779 2551; x_wconf 87' lang='lat' dir='ltr'>tametsi</span> <span class='ocrx_word' id='word_1_274' title='bbox 815 2507 1046 2563; x_wconf 87' lang='lat' dir='ltr'>sapientum</span> <span class='ocrx_word' id='word_1_275' title='bbox 1081 2503 1234 2545; x_wconf 56' lang='lat' dir='ltr'>“animi</span> <span class='ocrx_word' id='word_1_276' title='bbox 1264 2511 1477 2558; x_wconf 91' lang='lat' dir='ltr'>utcunque</span> <span class='ocrx_word' id='word_1_277' title='bbox 1506 2500 1633 2555; x_wconf 87' lang='lat' dir='ltr'>hujus</span> 
     </span>
    </p>
   </div>
   <div class='ocr_carea' id='block_1_3' title="bbox 243 2585 1630 2795">
    <p class='ocr_par' dir='ltr' id='par_1_10' title="bbox 243 2585 1630 2795">
     <span class='ocr_line' id='line_1_36' title="bbox 286 2585 1628 2633; baseline -0.01 -7"><span class='ocrx_word' id='word_1_278' title='bbox 286 2602 298 2615; x_wconf 83' lang='lat'><strong>²</strong></span> <span class='ocrx_word' id='word_1_279' title='bbox 322 2596 402 2625; x_wconf 77' lang='lat' dir='ltr'>Mat.</span> <span class='ocrx_word' id='word_1_280' title='bbox 419 2607 447 2625; x_wconf 88' lang='lat' dir='ltr'>v.</span> <span class='ocrx_word' id='word_1_281' title='bbox 463 2603 515 2633; x_wconf 83' lang='lat'>43.</span> <span class='ocrx_word' id='word_1_282' title='bbox 540 2596 619 2625; x_wconf 90' lang='lat' dir='ltr'>Luc.</span> <span class='ocrx_word' id='word_1_283' title='bbox 636 2605 667 2624; x_wconf 89' lang='lat' dir='ltr'>x.</span> <span class='ocrx_word' id='word_1_284' title='bbox 684 2603 739 2632; x_wconf 76' lang='lat'>33,</span> <span class='ocrx_word' id='word_1_285' title='bbox 756 2592 809 2631; x_wconf 78' lang='lat'>36.</span> <span class='ocrx_word' id='word_1_286' title='bbox 831 2592 928 2622; x_wconf 80' lang='lat' dir='ltr'>Joau.</span> <span class='ocrx_word' id='word_1_287' title='bbox 944 2590 1014 2620; x_wconf 84' lang='lat' dir='ltr'>xiii.</span> <span class='ocrx_word' id='word_1_288' title='bbox 1029 2598 1081 2629; x_wconf 82' lang='lat'>34.</span> <span class='ocrx_word' id='word_1_289' title='bbox 1111 2599 1122 2619; x_wconf 92' lang='lat'>1</span> <span class='ocrx_word' id='word_1_290' title='bbox 1140 2588 1237 2619; x_wconf 85' lang='lat' dir='ltr'>Thes.</span> <span class='ocrx_word' id='word_1_291' title='bbox 1253 2588 1296 2617; x_wconf 90' lang='lat' dir='ltr'>iv.</span> <span class='ocrx_word' id='word_1_292' title='bbox 1313 2596 1344 2627; x_wconf 88' lang='lat'>9.</span> <span class='ocrx_word' id='word_1_293' title='bbox 1462 2591 1476 2605; x_wconf 75' lang='lat'>¹²</span> <span class='ocrx_word' id='word_1_294' title='bbox 1500 2585 1581 2615; x_wconf 85' lang='lat' dir='ltr'>Mat.</span> <span class='ocrx_word' id='word_1_295' title='bbox 1597 2594 1628 2614; x_wconf 89' lang='lat' dir='ltr'>v.</span> 
     </span>
     <span class='ocr_line' id='line_1_37' title="bbox 243 2638 1630 2688; baseline -0.009 -8"><span class='ocrx_word' id='word_1_296' title='bbox 243 2658 295 2687; x_wconf 91' lang='lat'>44.</span> <span class='ocrx_word' id='word_1_297' title='bbox 319 2651 396 2680; x_wconf 82' lang='lat' dir='ltr'>Luc.</span> <span class='ocrx_word' id='word_1_298' title='bbox 415 2649 456 2678; x_wconf 83' lang='lat' dir='ltr'>vi.</span> <span class='ocrx_word' id='word_1_299' title='bbox 476 2656 525 2688; x_wconf 86' lang='lat'>27.</span> <span class='ocrx_word' id='word_1_300' title='bbox 552 2659 564 2678; x_wconf 93' lang='lat' dir='ltr'>l</span> <span class='ocrx_word' id='word_1_301' title='bbox 583 2649 679 2678; x_wconf 78' lang='lat' dir='ltr'>Joan.</span> <span class='ocrx_word' id='word_1_302' title='bbox 697 2648 731 2677; x_wconf 78' lang='lat' dir='ltr'>ii.</span> <span class='ocrx_word' id='word_1_303' title='bbox 747 2657 778 2687; x_wconf 92' lang='lat'>9.</span> <span class='ocrx_word' id='word_1_304' title='bbox 802 2646 847 2676; x_wconf 82' lang='lat' dir='ltr'>iii.</span> <span class='ocrx_word' id='word_1_305' title='bbox 865 2653 913 2675; x_wconf 87' lang='lat'>10.</span> <span class='ocrx_word' id='word_1_306' title='bbox 936 2645 978 2674; x_wconf 88' lang='lat' dir='ltr'>iv.</span> <span class='ocrx_word' id='word_1_307' title='bbox 998 2651 1025 2683; x_wconf 84' lang='lat'>7.</span> <span class='ocrx_word' id='word_1_308' title='bbox 1139 2641 1154 2662; x_wconf 56' lang='grc' dir='ltr'><strong><em>Β</em></strong></span> <span class='ocrx_word' id='word_1_309' title='bbox 1178 2642 1249 2672; x_wconf 80' lang='lat' dir='ltr'>Gal.</span> <span class='ocrx_word' id='word_1_310' title='bbox 1269 2652 1297 2671; x_wconf 92' lang='lat' dir='ltr'>v.</span> <span class='ocrx_word' id='word_1_311' title='bbox 1312 2639 1342 2670; x_wconf 89' lang='lat'>6.</span> <span class='ocrx_word' id='word_1_312' title='bbox 1370 2649 1383 2670; x_wconf 92' lang='lat'>1</span> <span class='ocrx_word' id='word_1_313' title='bbox 1401 2641 1497 2669; x_wconf 77' lang='lat' dir='ltr'>Joan.</span> <span class='ocrx_word' id='word_1_314' title='bbox 1513 2638 1560 2668; x_wconf 82' lang='lat' dir='ltr'>iii.</span> <span class='ocrx_word' id='word_1_315' title='bbox 1580 2647 1630 2676; x_wconf 83' lang='lat'>23.</span> 
     </span>
     <span class='ocr_line' id='line_1_38' title="bbox 243 2690 1630 2738; baseline -0.01 -5"><span class='ocrx_word' id='word_1_316' title='bbox 243 2709 255 2722; x_wconf 51' lang='grc' dir='ltr'>ί·</span> <span class='ocrx_word' id='word_1_317' title='bbox 273 2703 354 2733; x_wconf 82' lang='lat' dir='ltr'>Mat.</span> <span class='ocrx_word' id='word_1_318' title='bbox 372 2702 426 2732; x_wconf 83' lang='lat' dir='ltr'>vii.</span> <span class='ocrx_word' id='word_1_319' title='bbox 444 2709 491 2731; x_wconf 82' lang='lat'>12.</span> <span class='ocrx_word' id='word_1_320' title='bbox 510 2702 586 2731; x_wconf 88' lang='lat' dir='ltr'>Luc.</span> <span class='ocrx_word' id='word_1_321' title='bbox 603 2701 645 2731; x_wconf 86' lang='lat' dir='ltr'>vi.</span> <span class='ocrx_word' id='word_1_322' title='bbox 662 2709 714 2738; x_wconf 81' lang='lat'>31.</span> <span class='ocrx_word' id='word_1_323' title='bbox 733 2700 826 2730; x_wconf 82' lang='lat' dir='ltr'>Rom.</span> <span class='ocrx_word' id='word_1_324' title='bbox 842 2699 909 2729; x_wconf 83' lang='lat' dir='ltr'>xiii.</span> <span class='ocrx_word' id='word_1_325' title='bbox 927 2697 960 2735; x_wconf 92' lang='lat'>8,</span> <span class='ocrx_word' id='word_1_326' title='bbox 979 2707 1026 2728; x_wconf 86' lang='lat'>10.</span> <span class='ocrx_word' id='word_1_327' title='bbox 1044 2696 1116 2727; x_wconf 87' lang='lat' dir='ltr'>Gal.</span> <span class='ocrx_word' id='word_1_328' title='bbox 1132 2705 1161 2725; x_wconf 93' lang='lat' dir='ltr'>v.</span> <span class='ocrx_word' id='word_1_329' title='bbox 1180 2703 1229 2733; x_wconf 86' lang='lat'>14.</span> <span class='ocrx_word' id='word_1_330' title='bbox 1250 2704 1262 2724; x_wconf 92' lang='lat'>1</span> <span class='ocrx_word' id='word_1_331' title='bbox 1279 2694 1366 2724; x_wconf 88' lang='lat' dir='ltr'>Tim.</span> <span class='ocrx_word' id='word_1_332' title='bbox 1383 2693 1404 2723; x_wconf 84' lang='lat' dir='ltr'>i.</span> <span class='ocrx_word' id='word_1_333' title='bbox 1421 2700 1451 2732; x_wconf 86' lang='lat'>5.</span> <span class='ocrx_word' id='word_1_334' title='bbox 1517 2690 1532 2710; x_wconf 80' lang='lat'>‘¹</span> <span class='ocrx_word' id='word_1_335' title='bbox 1548 2691 1630 2720; x_wconf 87' lang='lat' dir='ltr'>Gen.</span> 
     </span>
     <span class='ocr_line' id='line_1_39' title="bbox 244 2744 1628 2795; baseline -0.009 -9"><span class='ocrx_word' id='word_1_336' title='bbox 244 2756 265 2786; x_wconf 81' lang='lat' dir='ltr'>i.</span> <span class='ocrx_word' id='word_1_337' title='bbox 285 2755 336 2792; x_wconf 85' lang='lat'>26,</span> <span class='ocrx_word' id='word_1_338' title='bbox 353 2764 404 2795; x_wconf 86' lang='lat'>27,</span> <span class='ocrx_word' id='word_1_339' title='bbox 417 2765 469 2793; x_wconf 73' lang='lat'>3¹·</span> <span class='ocrx_word' id='word_1_340' title='bbox 494 2755 573 2794; x_wconf 86' lang='lat' dir='ltr'>Eph.</span> <span class='ocrx_word' id='word_1_341' title='bbox 590 2755 631 2785; x_wconf 84' lang='lat' dir='ltr'>iv.</span> <span class='ocrx_word' id='word_1_342' title='bbox 649 2763 698 2791; x_wconf 84' lang='lat'>24.</span> <span class='ocrx_word' id='word_1_343' title='bbox 725 2754 848 2784; x_wconf 82' lang='lat' dir='ltr'>Coloss.</span> <span class='ocrx_word' id='word_1_344' title='bbox 866 2752 911 2783; x_wconf 79' lang='lat' dir='ltr'>iii.</span> <span class='ocrx_word' id='word_1_345' title='bbox 928 2761 975 2782; x_wconf 85' lang='lat'>10.</span> <span class='ocrx_word' id='word_1_346' title='bbox 1077 2757 1088 2770; x_wconf 69' lang='lat'><em>²</em></span> <span class='ocrx_word' id='word_1_347' title='bbox 1106 2750 1183 2781; x_wconf 89' lang='lat' dir='ltr'>Luc.</span> <span class='ocrx_word' id='word_1_348' title='bbox 1201 2748 1221 2779; x_wconf 88' lang='lat' dir='ltr'>i.</span> <span class='ocrx_word' id='word_1_349' title='bbox 1242 2756 1291 2788; x_wconf 88' lang='lat'>79.</span> <span class='ocrx_word' id='word_1_350' title='bbox 1314 2749 1386 2778; x_wconf 88' lang='lat' dir='ltr'>Act.</span> <span class='ocrx_word' id='word_1_351' title='bbox 1402 2746 1468 2777; x_wconf 83' lang='lat' dir='ltr'>xiv.</span> <span class='ocrx_word' id='word_1_352' title='bbox 1486 2752 1534 2785; x_wconf 88' lang='lat'>17.</span> <span class='ocrx_word' id='word_1_353' title='bbox 1551 2744 1628 2774; x_wconf 85' lang='lat' dir='ltr'>xvii.</span> 
     </span>
    </p>
   </div>
   <div class='ocr_carea' id='block_1_4' title="bbox 246 2809 519 2849">
    <p class='ocr_par' dir='ltr' id='par_1_11' title="bbox 246 2809 519 2849">
     <span class='ocr_line' id='line_1_40' title="bbox 246 2809 519 2849; baseline -0.011 -9"><span class='ocrx_word' id='word_1_354' title='bbox 246 2819 294 2849; x_wconf 80' lang='lat'>27.</span> <span class='ocrx_word' id='word_1_355' title='bbox 321 2809 413 2839; x_wconf 80' lang='lat' dir='ltr'>Rom.</span> <span class='ocrx_word' id='word_1_356' title='bbox 433 2809 452 2838; x_wconf 88' lang='lat' dir='ltr'>i.</span> <span class='ocrx_word' id='word_1_357' title='bbox 476 2818 519 2847; x_wconf 81' lang='lat'>¹9-</span> 
     </span>
    </p>
   </div>
  </div>
 </body>
</html>
