1799 3077
59 2633 70 2654 1
79 2646 85 2654 .
101 2624 182 2654 Tim.
198 2622 240 2652 iii.

278 123 361 162 124
669 118 897 159 JUELLI
932 118 1272 160 APOLOGIA.

275 234 365 275 fuse
391 248 438 274 ac
468 233 708 290 perturbate
738 231 850 279 fieri3
884 247 1025 273 omnes
1054 231 1169 289 apud
1200 245 1274 272 nos
1303 246 1389 272 esse
1420 230 1663 282 sacerdotes,

273 317 414 342 omnes
435 316 520 342 esse
541 301 744 352 doctores,
765 314 906 340 omnes
927 315 1012 341 esse
1031 300 1285 356 interpretes.

330 369 536 411 Ministris
556 385 581 409 a
603 368 771 410 Christo
791 367 935 408 datum
957 384 1043 410 esse
1067 368 1242 409 dicimus
1270 367 1441 424 ligandi,
1464 367 1663 419 solvendi,

271 435 495 493 aperiendi,
517 434 737 477 claudendi
757 443 1014 491 potestatem.
1075 437 1143 476 Ac
1165 434 1349 476 solvendi
1376 434 1546 491 quidem
1573 450 1665 475 mu-

272 520 350 546 nus
370 504 413 545 in
433 520 481 545 eo
503 503 627 545 situm
648 518 748 553 esse,
771 511 818 543 ut
840 502 1048 554 Minister,
1071 503 1136 543 vel
1157 502 1325 559 dejectis
1345 503 1490 544 animis
1511 512 1552 544 et
1568 519 1664 544 vere

271 571 616 628 resipiscentibus,
631 585 706 627 per
722 570 942 626 Evangelii
961 569 1311 626 praedicationem,
1331 570 1476 611 merita
1493 570 1663 622 Christi,

272 640 656 695 absolutionemque
683 638 842 689 offerat,
864 646 903 679 et
925 647 1079 679 certam
1105 647 1369 695 peccatorum
1400 638 1665 680 condonatio-

270 724 364 749 nem
386 724 433 749 ac
454 723 567 763 spem
588 706 730 747 salutis
750 716 915 747 aeternae
936 706 1181 754 denunciet;
1215 715 1288 747 aut
1309 714 1356 747 ut
1376 721 1444 747 eos
1459 706 1532 762 qui
1547 706 1664 763 gravi

272 775 476 826 scandalo,
498 783 539 816 et
559 774 730 816 notabili
751 774 1003 830 publicoque
1023 774 1164 831 aliquo
1191 774 1341 815 delicto
1370 775 1548 816 fratrum
1579 773 1665 815 ani-

270 859 359 884 mos
378 842 641 894 offenderint,
663 851 703 884 et
725 858 810 884 sese
830 858 854 883 a
879 842 1088 884 communi
1116 842 1307 884 societate
1336 842 1546 893 Ecclesiae,
1569 852 1609 883 et
1639 857 1664 883 a

272 912 427 954 Christi
447 927 618 968 corpore
643 911 953 967 quodammodo
981 911 1264 961 abalienarint,
1284 911 1581 967 resipiscentes,
1602 926 1664 951 re-

269 980 470 1031 conciliet,
493 989 534 1021 et
556 979 599 1020 in
618 979 805 1020 fidelium
826 988 980 1020 coetum
1001 987 1128 1034 atque
1149 979 1349 1020 unitatem
1378 978 1588 1035 recolligat
1616 994 1664 1020 ac

270 1049 471 1090 restituat.
533 1046 711 1103 Ligandi
732 1062 830 1088 vero
848 1046 965 1087 illum
990 1046 1294 1102 claudendique
1320 1054 1565 1102 potestatem
1595 1062 1665 1087 ex-

271 1132 406 1158 ercere
426 1115 615 1166 dicimus,
636 1114 798 1171 quoties
817 1114 883 1156 vel
903 1114 1124 1156 incredulis
1144 1124 1185 1155 et
1205 1114 1519 1156 contumacibus
1546 1114 1664 1171 regni

270 1185 470 1226 coelorum
486 1184 659 1241 januam
680 1183 875 1234 occludit,
896 1183 1059 1240 illisque
1079 1183 1303 1225 vindictam
1327 1182 1424 1233 Dei,
1447 1192 1488 1224 et
1518 1182 1665 1239 sempi—

272 1262 436 1293 ternum
467 1252 717 1309 supplicium
747 1251 885 1302 edicit,
918 1251 982 1292 vel
1011 1251 1177 1308 publice
1207 1250 1581 1292 excommunicatos
1610 1251 1664 1292 ab

271 1320 469 1361 Ecclesiae
489 1320 647 1376 gremio
667 1319 863 1361 excludit.
917 1319 1170 1360 Sententiam
1193 1328 1347 1370 autem,
1369 1334 1664 1375 quamcunque

273 1389 457 1429 Ministri
478 1388 559 1430 Dei
579 1388 633 1429 ad
658 1388 770 1429 hunc
797 1387 969 1429 modum
1000 1387 1184 1439 tulerint,
1205 1388 1323 1428 Deus
1352 1386 1439 1443 ipse
1468 1386 1527 1427 ita
1555 1401 1664 1428 com-

271 1457 434 1513 probat,
455 1465 503 1498 ut
523 1456 724 1513 quicquid
743 1456 811 1496 hic
831 1455 997 1496 illorum
1017 1471 1143 1512 opera
1168 1455 1341 1497 solvitur
1368 1463 1408 1496 et
1436 1454 1591 1511 ligatur
1620 1455 1663 1496 in

273 1524 406 1575 terris,
427 1525 536 1565 idem
557 1524 644 1580 ipse
666 1523 822 1565 solvere
849 1532 890 1564 et
916 1523 1044 1579 ligare
1065 1523 1178 1573 velit,
1201 1532 1241 1564 et
1271 1531 1408 1564 ratum
1438 1522 1591 1563 habere
1620 1521 1664 1562 in

271 1593 394 1634 coelis.
442 1592 590 1634 Claves
610 1601 750 1633 autem
771 1591 925 1648 quibus
946 1600 1019 1633 aut
1040 1591 1232 1632 claudere
1251 1605 1425 1647 regnum
1447 1589 1663 1641 coelorum,

271 1669 345 1702 aut
365 1660 522 1717 aperire
542 1660 714 1717 possint,
736 1669 785 1701 ut
807 1660 1129 1716 Chrysostomus
1148 1659 1220 1710 ait,
1242 1659 1417 1700 dicimus
1437 1674 1523 1700 esse
1539 1658 1665 1699 scien-

273 1729 372 1770 tiam
401 1728 733 1785 Scripturarum3
773 1736 820 1769 ut
849 1727 1149 1778 Tertullianus,
1172 1743 1257 1769 esse
1283 1726 1664 1784 interpretationem

274 1796 426 1853 Legis,
464 1805 512 1837 ut
542 1796 765 1846 Eusebius,
797 1811 882 1837 esse
910 1796 1085 1837 verbum
1116 1795 1212 1837 Dei.
1272 1795 1493 1851 Accepisse
1523 1804 1664 1835 autem

273 1865 495 1921 discipulos
517 1864 672 1906 Christi
692 1864 798 1906 hanc
818 1873 1080 1921 potestatem,
1101 1879 1183 1904 non
1206 1872 1253 1905 ut
1279 1863 1471 1905 audirent
1497 1877 1664 1903 arcanas

272 1933 419 1989 populi
439 1932 725 1984 confessiones,
745 1941 819 1974 aut
839 1941 1052 1989 captarent
1071 1947 1300 1983 murmura,
1318 1931 1432 1988 quod
1449 1929 1665 1972 sacrificuli

272 2017 383 2043 nunc
404 2017 545 2043 omnes
565 2001 717 2058 passim
733 2001 907 2053 faciunt,
922 2010 1047 2058 atque
1063 2001 1121 2042 ita
1134 2001 1306 2052 faciunt,
1322 2000 1440 2057 quasi
1455 1999 1496 2040 in
1514 2015 1562 2041 eo
1578 1998 1664 2040 solo

273 2070 350 2111 sita
370 2070 422 2112 sit
441 2069 573 2111 omnis
592 2069 654 2111 vis
673 2078 799 2126 atque
821 2085 921 2111 usus
941 2069 1143 2118 clavium;
1178 2069 1250 2110 sed
1269 2080 1317 2111 ut
1335 2069 1456 2120 irent,
1477 2075 1525 2109 ut
1546 2068 1665 2109 doce-

272 2148 378 2191 rent,
401 2147 450 2180 ut
471 2138 732 2195 publicarent
752 2138 1046 2194 Evangelium,
1064 2147 1112 2179 ut
1132 2146 1266 2179 essent
1281 2136 1545 2179 credentibus
1560 2135 1664 2177 odor

272 2208 368 2249 vitae
397 2207 450 2248 ad
477 2207 623 2255 vitam3
655 2215 704 2248 ut
730 2216 864 2248 essent
888 2206 1110 2248 incredulis
1141 2214 1268 2262 atque
1293 2205 1531 2246 infidelibus
1561 2203 1664 2245 odor

272 2275 414 2316 mortis
434 2275 487 2316 ad
509 2283 684 2316 mortem
698 2291 711 2327 3
742 2284 791 2316 ut
816 2274 981 2331 piorum
1011 2274 1136 2315 animi
1166 2274 1413 2316 conscientia
1443 2271 1663 2328 superioris

271 2343 367 2385 vitae
395 2352 436 2385 et
466 2358 651 2384 errorum
683 2343 945 2393 consternati,
966 2351 1187 2399 postquam
1215 2342 1425 2398 adspicere
1445 2339 1664 2396 coepissent

270 2411 403 2452 lucem
424 2410 659 2467 Evangelii,
682 2418 723 2452 et
743 2410 786 2451 in
809 2410 1023 2452 Christum
1043 2409 1223 2461 credere,
1246 2418 1294 2450 ut
1320 2409 1429 2450 fores
1456 2408 1583 2458 clave,
1605 2407 1664 2448 ita

271 2478 328 2518 illi
348 2479 476 2520 verbo
497 2479 579 2520 Dei
598 2479 883 2536 aperirentur;
916 2478 1033 2535 impii
1053 2487 1192 2519 autem
1218 2487 1259 2519 et
1279 2487 1554 2528 contumaces,
1572 2475 1664 2531 qui-

271 2561 353 2602 que
374 2546 530 2588 nollent
549 2547 714 2588 credere
735 2556 775 2589 et
794 2546 928 2588 redire
947 2546 991 2588 in
1006 2546 1129 2598 viam,
1147 2545 1266 2602 quasi
1285 2544 1462 2587 obserati
1480 2553 1519 2585 et
1535 2543 1662 2584 clausi

271 2614 616 2670 relinquerentur,
645 2624 687 2657 et
725 2613 984 2672 proficerent,
1015 2624 1063 2656 ut
1103 2614 1262 2656 Paulus
1292 2614 1363 2664 ait,
1392 2613 1433 2653 in
1467 2610 1658 2653 deterius.

273 2683 396 2723 Hanc
417 2698 503 2724 esse
522 2683 722 2725 rationem
742 2684 936 2734 clavium,
953 2684 1031 2725 hoc
1047 2693 1168 2740 pacto
1183 2691 1256 2724 aut
1271 2680 1420 2738 aperiri
1434 2690 1507 2722 aut
1523 2679 1659 2721 claudi

270 2750 484 2792 hominum
520 2751 785 2793 conscientias
855 2752 1118 2794 Sacerdotem
1148 2751 1317 2808 quidem
1348 2764 1433 2790 esse
1456 2748 1658 2806 judicem,
