1799 3077
254 108 338 153 ⁶296
580 109 815 151 NOELLI
850 110 1313 151 CATECHISMUS.

256 222 334 262 trio
368 222 457 277 ejus
486 222 624 262 animo
655 231 781 278 atque
816 222 1101 263 benevolentia
1135 222 1408 273 dubitatione,
1441 223 1643 280 intrepide

255 291 461 331 adeamus.
523 292 630 331 Cum
654 290 761 330 enim
787 292 953 330 Patrem
981 305 1076 331 eum
1109 290 1227 330 nobis
1259 306 1344 331 esse
1373 291 1642 341 decernimus,

256 357 378 413 bejus
399 356 544 412 spiritu
566 356 748 407 animati,
773 366 819 397 ut
841 372 961 397 suum
989 357 1105 398 liberi
1135 367 1348 414 parentem
1370 358 1514 407 solent,
1536 374 1646 399 acce-

256 424 404 465 dimus.
467 425 629 465 PATER
659 439 758 480 ergo
783 424 993 465 charitatis
1012 433 1169 480 catque
1200 425 1348 466 amoris
1375 425 1553 476 nomine,
1575 441 1647 481 po-

258 492 340 533 tius
360 507 485 547 quam
508 492 734 548 dignitatis,
756 501 829 532 aut
850 492 1073 548 majestatis
1093 492 1316 543 vocabulis,
1340 494 1444 534 REX
1466 503 1539 535 aut
1560 495 1648 534 Do-

261 574 403 600 MtNus
435 560 667 616 nuncupari
697 560 775 600 hoc
800 559 889 601 loco
911 561 1029 600 Deus
1048 560 1193 611 voluit,
1215 569 1257 601 et
1287 562 1447 617 paterni
1474 562 1649 603 nominis

260 627 556 684 amplissimum
585 627 878 684 patrimonium
904 627 1022 669 nobis
1042 628 1205 669 interim
1228 629 1345 684 quasi
1364 629 1535 671 dliberis
1566 630 1649 671 suis

260 694 501 752 relinquere.

321 763 384 802 M.
416 764 535 803 Eane
555 762 683 818 igitur
703 762 951 818 impetrandi
971 763 1136 814 fiducia,
1154 779 1238 820 qua
1259 779 1353 805 suos
1368 764 1441 805 filii
1461 774 1650 821 parentes

261 830 374 871 adire
396 830 540 880 solent,
557 830 611 871 ad
631 831 770 871 Deum
792 831 1062 872 accedemus?

319 899 375 938 A.
409 897 653 939 Firmiorem
684 898 817 940 multo
850 899 1184 955 stabilioremque
1215 915 1300 940 esse
1332 900 1498 941 Divinae
1530 900 1654 941 bene-

263 966 451 1007 volentiae
477 981 603 1022 quam
634 966 827 1007 humanae
858 966 1067 1015 fiduciam,
1090 966 1313 1008 eChristus
1343 968 1541 1009 naturalis
1569 968 1650 1008 Dei

264 1034 411 1084 Filius,
446 1033 599 1089 ingenii
636 1034 772 1075 Patris
808 1034 962 1090 optime
995 1050 1164 1090 gnarus,
1199 1035 1317 1075 nobis
1347 1036 1561 1076 confirmat
1592 1035 1654 1076 di-

263 1117 380 1143 cens:
414 1101 483 1142 fSi
514 1116 585 1141 vos
616 1101 789 1157 (inquit)
820 1118 913 1143 cum
947 1102 1043 1143 mali
1075 1101 1173 1152 sitis,
1195 1102 1300 1144 filios
1331 1112 1484 1144 vestros
1514 1103 1654 1144 inanes

264 1184 383 1209 voces
411 1169 587 1209 fundere
617 1184 699 1209 non
735 1169 879 1219 sinitis,
908 1170 979 1211 sed
1009 1185 1151 1211 eorum
1182 1170 1528 1226 postulationibus
1559 1187 1653 1212 eon-

264 1236 420 1286 ceditis,
443 1246 600 1292 quanto
630 1236 707 1277 erit
736 1237 910 1278 coelestis
940 1239 1080 1288 Pater,
1103 1238 1176 1293 qui
1208 1238 1298 1294 ipsa
1328 1248 1388 1280 est
1413 1239 1576 1280 bonitas
1595 1249 1653 1281 at-

264 1320 347 1360 que
367 1304 612 1360 benignitas,
634 1304 676 1344 in
705 1320 777 1345 vos
806 1305 1125 1347 beneficentior?
1169 1307 1324 1346 Verum
1351 1322 1514 1348 omnem
1549 1308 1654 1349 hanc

264 1371 458 1412 fiduciam
488 1371 729 1422 gChristus,
763 1381 810 1413 ut
839 1381 901 1413 est
931 1382 1026 1413 ante
1056 1372 1228 1423 dictum,
1261 1374 1378 1414 nobis
1409 1374 1552 1423 affert3
1585 1390 1654 1416 ne-

264 1454 347 1494 que
377 1438 483 1479 enim
513 1454 601 1489 nos,
622 1440 695 1495 qui
716 1449 865 1481 natura
884 1440 955 1481 irae
975 1440 1048 1481 filii
1069 1456 1226 1492 sumuS‚
1250 1442 1368 1483 Deus
1388 1442 1464 1483 sibi
1484 1442 1560 1483 nisi
1580 1458 1654 1499 per

266 1507 480 1548 Christum
501 1507 686 1563 adoptat,
709 1516 782 1549 aut
802 1508 906 1549 filios
926 1524 1012 1549 esse
1031 1509 1227 1565 agnoscit.

322 1577 386 1616 M.
419 1575 587 1631 Ecquid
606 1584 807 1631 praeterea
826 1591 900 1617 nos
919 1576 1038 1617 docet
1060 1577 1197 1618 Patris
1218 1580 1398 1617 nomen?

322 1645 378 1684 A.
412 1645 476 1685 Ut
495 1659 590 1685 cum
607 1659 655 1684 eo
675 1659 827 1695 amore,
851 1644 873 1673 h
890 1645 1131 1696 reverentia,
1154 1653 1279 1701 atque
1298 1645 1544 1696 obedientia,
1561 1663 1655 1703 quae

266 1710 382 1751 Patri
402 1710 556 1752 coelesti
576 1726 600 1751 a
623 1710 705 1752 suis
726 1711 863 1752 liberis
884 1711 1103 1762 debentur,
1125 1713 1177 1753 ad
1208 1713 1461 1769 precandum
1492 1714 1656 1756 acceda-

265 1793 373 1829 mus,
390 1787 520 1834 utque
540 1794 630 1819 eam
651 1787 845 1829 mentem,
864 1795 959 1835 quae
980 1779 1108 1820 Filios
1130 1780 1211 1821 Dei
1232 1780 1363 1831 decet,
1386 1781 1620 1822 habeamus.

323 1848 387 1886 M.
420 1847 560 1886 Deum
592 1861 666 1887 cur
695 1855 881 1887 nostrum
912 1846 1052 1903 potius
1081 1848 1355 1889 communiter
1387 1850 1554 1890 Patrem
1585 1865 1656 1906 ap—

265 1913 407 1969 pellas,
428 1929 553 1970 quam
576 1923 693 1955 tuum
717 1914 934 1971 separatim
951 1917 968 1955 ?

324 1982 380 2022 A.
414 1983 496 2022 Fas
517 1982 685 2037 quidem
717 1991 777 2023 est
807 1982 876 2039 pio
910 1982 1060 2038 cuique
1091 1985 1229 2024 Deum
1252 1983 1396 2024 isuum
1429 1984 1653 2036 nominare,

267 2065 411 2089 verum
432 2065 521 2090 eam
542 2059 704 2106 oportet
726 2066 811 2091 esse
832 2050 1046 2091 hominum
1069 2051 1399 2092 Christianorum
1420 2051 1526 2092 inter
1545 2052 1655 2109 ipsos

267 2117 618 2168 communitatem,
641 2126 767 2173 atque
788 2118 1035 2169 societatem,
1058 2134 1188 2175 eaque
1208 2119 1407 2160 charitate
1433 2128 1558 2175 atque
1588 2121 1656 2161 be-

269 2185 500 2227 nevolentia
530 2185 679 2242 singuli
711 2185 923 2227 universos
952 2186 1167 2243 complecti
1197 2187 1364 2238 debent,
1387 2202 1438 2228 ne
1468 2187 1556 2228 aliis
1588 2203 1656 2229 ne-

268 2253 424 2308 glectis,
447 2253 667 2310 quisquam
691 2269 820 2295 unum
842 2270 883 2295 se
903 2265 1033 2305 curet,
1051 2255 1120 2295 sed
1142 2255 1351 2311 publicam
1371 2255 1555 2296 omnium
1579 2257 1656 2297 uti-

270 2321 424 2361 litatem
446 2321 658 2377 respiciat;
693 2322 804 2363 unde
824 2322 1017 2378 privatim
1033 2322 1135 2363 nihil
1150 2323 1192 2363 in
1209 2333 1296 2364 tota
1312 2323 1388 2364 hac
1407 2323 1654 2380 precatione,

271 2389 338 2429 sed
361 2389 569 2430 communi
589 2390 773 2431 omnium
803 2390 968 2432 nomine
998 2400 1147 2432 cuncta
1175 2392 1450 2447 postulantur.
1514 2392 1596 2433 Sed
1616 2402 1657 2434 et

316 2521 329 2542 ὓ
346 2523 439 2553 Rom.
455 2523 522 2553 viii.
542 2532 589 2561 15.
614 2524 685 2554 Gal.
701 2525 742 2554 iv.
760 2534 791 2565 9.
908 2532 922 2546 4·
939 2526 1019 2556 Mal.
1036 2526 1056 2556 ἰ.
1071 2526 1101 2556 6.
1220 2526 1234 2545 ¹¹
1249 2526 1345 2556 «Joan.
1361 2526 1382 2557 i.
1404 2535 1452 2557 12.
1477 2526 1572 2557 Rom.
1588 2526 1656 2556 viii.

277 2583 327 2615 15,
345 2583 393 2615 17.
416 2577 488 2606 Gal.
504 2576 545 2607 iv.
560 2575 591 2614 6,
611 2584 640 2617 7.
749 2584 761 2598 ε
778 2579 860 2609 Mat.
876 2579 920 2609 xi.
939 2587 989 2619 27.
1012 2580 1109 2610 Joan.
1127 2579 1148 2609 i.
1165 2579 1214 2616 18.
1238 2589 1271 2611 x.
1290 2589 1339 2619 ¹5-
1472 2579 1484 2600 s
1504 2580 1585 2610 Mat.
1603 2580 1656 2610 vii.

276 2639 325 2659 11.
348 2629 426 2659 Luc.
443 2629 485 2659 xi.
507 2639 554 2668 13.
654 2638 667 2657 g
685 2632 779 2662 Rom.
796 2642 826 2663 v.
842 2643 871 2670 1,
888 2642 916 2664 2.
940 2633 1011 2664 Gal.
1026 2633 1069 2664 iv.
1083 2642 1115 2671 4,
1134 2641 1167 2673 5,
1180 2632 1210 2664 6.
1235 2633 1353 2672 Ephes.
1370 2633 1404 2664 ii.
1419 2642 1453 2671 4,
1470 2640 1500 2673 5.
1528 2642 1540 2663 1
1558 2634 1655 2663 Joan.

272 2683 306 2713 ii.
324 2691 350 2712 1.
475 2681 489 2702 *¹
507 2683 586 2713 Mal.
603 2683 624 2713 i.
638 2684 668 2715 6.
693 2685 775 2716 Mat.
793 2686 878 2717 xxvi.
896 2696 950 2726 39,
967 2696 1019 2724 42.
1151 2688 1157 2707 i
1175 2688 1258 2719 Psal.
1276 2689 1355 2718 xxii.
1375 2698 1403 2725 1,
1419 2697 1447 2718 2.
1473 2688 1567 2719 Rom.
1585 2688 1606 2718 i.
1623 2687 1654 2718 8.

278 2745 286 2765 ι
311 2735 384 2765 Cor.
403 2735 423 2764 i.
439 2743 469 2772 4.
