1799 3077
471 105 705 148 NOELLI
739 106 1203 150 CATECHISMUS.
1447 115 1529 155 213

144 226 241 260 sunt
260 219 629 276 conjunctissimae;
661 229 811 276 quarto
830 229 872 263 et
892 220 1040 263 ultimo
1059 221 1164 273 loco,
1185 222 1238 263 de
1261 224 1531 268 Sacramentis

142 287 429 344 mysteriisque
449 287 614 328 Divinis
633 296 937 344 percontemur.

200 357 256 396 A.
288 356 346 397 Et
372 371 463 412 ego,
487 357 725 412 Praeceptor
745 357 990 408 venerande,
1013 356 1132 399 sicuti
1162 373 1212 398 ex
1244 367 1284 399 te
1313 359 1466 410 audivi,
1488 371 1529 402 et

142 423 336 473 studiose,
359 432 407 465 ut
435 432 494 464 est
521 439 746 480 puerorum
777 433 937 482 captus,
960 436 1086 482 atque
1116 427 1366 478 memoriola,
1389 428 1526 480 didici,

139 490 409 548 interroganti
430 491 505 533 tibi
525 491 700 534 libenter
721 493 990 549 respondebo.

329 606 489 647 PRIMA
521 620 646 658 PARS,
679 621 738 648 DE
771 609 904 650 LEGE
936 622 994 649 ET
1027 609 1338 651 OBEDIENTIA.

197 695 264 735 M.
295 695 436 745 Quum
458 710 557 750 ergo
578 703 591 723 ¹
608 695 855 737 Obedientia
874 707 1027 747 nostra,
1048 697 1100 738 de
1129 713 1214 753 qua
1243 698 1425 754 primum
1455 714 1526 741 no-

136 761 199 802 bis
219 762 440 803 dicendum
462 774 536 813 est,
558 763 612 803 ad
632 778 817 804 normam
848 766 975 821 Legis
1004 766 1170 806 Divinae
1201 766 1251 807 sit
1280 768 1523 818 revocanda,

134 843 296 870 necesse
316 840 377 871 est
397 838 444 870 ut
466 830 592 886 Legis
612 830 696 871 vim
717 842 842 887 atque
862 843 1053 873 naturam
1077 834 1308 875 universam
1324 834 1440 891 prius
1455 850 1525 876 ex-

135 898 365 946 cutiamus;
398 914 482 954 qua
509 899 674 955 cognita
700 910 741 940 et
771 900 998 956 explorata,
1020 917 1131 957 quae,
1152 911 1192 942 et
1222 901 1355 957 qualis
1384 912 1524 944 nostra

134 966 283 1008 debeat
302 983 387 1009 esse
408 967 667 1018 Obedientia,
689 968 868 1024 ignorari
889 984 971 1010 non
995 978 1156 1026 potest.'
1205 971 1272 1011 De
1303 971 1419 1027 Lege
1448 970 1523 1012 ita-

134 1048 217 1088 que
237 1034 337 1090 quid
361 1035 522 1085 sentias,
544 1035 679 1076 dicere
698 1035 845 1077 ordire.

193 1102 246 1142 A.
280 1103 438 1158 Legem
468 1103 546 1144 Dei
571 1103 760 1160 justitiae,
783 1120 878 1160 quae
908 1105 961 1146 ab
992 1105 1157 1146 homine
1187 1105 1382 1162 exigitur,
1403 1115 1521 1163 Sper-

131 1169 282 1210 sectam
302 1180 343 1211 et
363 1171 555 1212 omnibus
574 1171 755 1212 numeris
781 1172 1012 1214 absolutam
1040 1173 1227 1229 regulam
1257 1189 1343 1214 esse
1373 1175 1518 1225 sentio,

131 1253 227 1293 quae
258 1242 269 1266 t
275 1238 398 1293 jubet
431 1254 479 1279 ea
513 1255 608 1294 quae
637 1239 826 1280 facienda
856 1249 966 1289 sunt,
998 1240 1274 1297 prohibetque
1303 1243 1517 1283 contraria.

133 1306 186 1346 In
224 1305 301 1347 hac
337 1307 454 1362 Lege
490 1308 608 1348 Deus
645 1307 782 1348 omnia
815 1308 869 1348 ad
904 1308 1160 1350 voluntatem
1194 1318 1269 1350 u¹et
1302 1309 1519 1351 arbitrium

131 1389 251 1415 suum
272 1375 492 1425 revocavit,
516 1384 561 1416 ut
582 1375 698 1416 nulla
717 1375 794 1432 ipsi
814 1391 949 1432 neque
969 1392 1068 1432 erga
1088 1393 1143 1427 se,
1165 1392 1299 1433 neque
1322 1393 1420 1434 erga
1447 1378 1519 1419 ho-

129 1442 259 1484 mines
278 1443 408 1499 pietas
433 1444 600 1500 probari
627 1444 769 1500 possit,
792 1444 868 1485 nisi
897 1460 945 1485 ea
975 1444 1072 1494 sola,
1095 1460 1189 1500 quae
1219 1445 1272 1486 ad
1302 1445 1428 1501 hujus
1458 1462 1518 1487 re-

127 1510 239 1566 gulae
259 1511 453 1552 amussim
480 1527 554 1567 per
580 1512 717 1552 omnia
745 1512 935 1567 quadret.
995 1514 1170 1553 Frustra
1198 1528 1297 1569 ergo
1326 1514 1518 1555 mortales

130 1593 204 1619 suo
239 1579 315 1620 sibi
346 1580 605 1630 Warbitratu,
636 1570 810 1637 pietatis
834 1581 1011 1622 rationes
1040 1582 1294 1637 confingunt.
1357 1583 1516 1638 Legem

127 1646 236 1686 enim
258 1662 373 1688 suam
396 1648 528 1698 Deus,
551 1660 599 1689 ut
619 1648 899 1698 certissimam,
922 1657 1011 1689 tum
1041 1648 1178 1690 cultus
1209 1649 1367 1699 Divini‚
1390 1659 1411 1677 x
1426 1659 1515 1691 tum

127 1713 353 1755 officiorum
384 1730 482 1770 erga
512 1715 696 1757 homines
724 1716 926 1771 regulam,
955 1716 1120 1757 duabus
1146 1717 1424 1773 ydescriptam
1457 1727 1515 1759 ta-

127 1781 235 1823 bulis
263 1782 382 1824 nobis
410 1783 653 1839 proposuit;
693 1783 898 1840 simulque
920 1784 1200 1826 ZObedientia
1228 1794 1369 1827 nostra
1397 1786 1513 1836 nihil,

126 1850 241 1905 quod
260 1850 428 1906 quidem
450 1850 491 1892 in
513 1851 630 1892 terris
650 1852 736 1902 fiat,
759 1851 835 1893 sibi
854 1852 1014 1908 gratius
1041 1853 1299 1909 acceptiusve
1329 1869 1414 1895 esse
1443 1854 1514 1896 de-

126 1919 380 1960 monstravit.

183 1987 246 2028 M.
280 1986 400 2027 Prior
420 1986 562 2028 tabula
582 2003 667 2043 quo
687 1998 748 2028 est
767 1991 1043 2044 argumento?

180 2055 230 2095 A.
262 2055 329 2095 De
348 2054 500 2111 pietate
520 2064 659 2096 nostra
679 2054 751 2096 ain
774 2056 913 2097 Deum
936 2066 1096 2106 tractat,
1119 2065 1159 2098 et
1179 2057 1312 2113 prima
1330 2067 1511 2112 quatuor

125 2122 252 2178 Legis
273 2124 488 2179 Praecepta
506 2123 804 2180 complectitur.

180 2191 244 2232 M.
279 2191 470 2232 Secunda
491 2194 615 2233 vero?

179 2259 236 2299 A.
268 2259 335 2299 De
363 2258 572 2299 charitatis
603 2258 686 2300 sive
717 2258 945 2300 dilectionis
966 2258 1158 2300 bmutuae
1189 2259 1294 2300 inter
1324 2259 1509 2301 homines

163 2372 174 2385 ἲ
188 2365 264 2396 Lev.
282 2366 368 2396 xxvi.
384 2376 417 2405 3,
440 2375 487 2404 14.
522 2367 619 2397 Deut.
636 2376 667 2396 x.
685 2375 734 2396 12.
751 2370 783 2396 et
795 2365 909 2396 xxviii.
926 2370 1005 2396 toto.
1036 2366 1120 2396 Psal.
1136 2365 1223 2396 cxix.
1240 2374 1271 2403 4.
1308 2366 1387 2396 Luc.
1404 2376 1436 2396 x.
1456 2373 1507 2406 25.

119 2419 216 2450 doan.
231 2419 295 2449 xiv.
315 2427 366 2459 15,
384 2429 436 2458 21,
455 2429 507 2458 23,
526 2428 576 2457 24.
600 2420 712 2450 Jacob.
727 2420 759 2449 ii.
781 2429 829 2450 10.
917 2425 928 2439 ⁸
945 2420 1041 2450 Dent.
1058 2419 1100 2449 iv.
1119 2428 1148 2449 2.
1165 2424 1196 2449 et
1210 2424 1346 2458 v.32.et
1361 2419 1463 2450 xxxii.
1475 2429 1507 2458 4.

120 2473 203 2503 Psal.
221 2473 288 2503 xix.
303 2472 335 2509 6,
356 2479 383 2512 7.
471 2476 481 2492 ²
494 2473 598 2503 Exod.
614 2483 668 2503 xx.
685 2478 764 2503 tot0.
779 2478 811 2503 et
827 2474 925 2503 Deut.
941 2484 970 2503 v.
988 2473 1074 2503 Esai.
1093 2483 1170 2503 xxx.
1188 2482 1239 2503 21.
1317 2480 1331 2494 ¹¹
1348 2474 1445 2504 Deut.
1464 2475 1505 2505 vi.

124 2534 174 2566 17,
195 2526 244 2557 18.
258 2531 290 2558 et
305 2526 374 2556 xiii.
395 2526 444 2557 18.
468 2526 562 2556 Rom.
578 2526 634 2556 xii.
654 2535 682 2556 2.
707 2526 822 2566 Ephes.
838 2536 869 2556 v.
890 2532 937 2564 17.
953 2529 985 2555 et
1000 2525 1042 2555 vi.
1058 2532 1087 2564 7.
1104 2517 1246 2556 Colos.i.'
1261 2535 1292 2565 9.
1358 2532 1378 2545 w
1395 2535 1406 2555 1
1424 2526 1503 2567 Reg.

120 2591 171 2611 xv.
190 2589 239 2611 22.
276 2580 364 2611 Esai.
379 2580 469 2609 xxix.
489 2589 538 2618 13-
575 2579 658 2609 Mat.
673 2589 725 2610 xv.
741 2589 774 2618 3,
791 2588 822 2619 9.
986 2584 1002 2598 Χ
1018 2579 1099 2609 Mat.
1115 2579 1194 2609 xxii.
1211 2578 1265 2618 36,
1282 2587 1335 2618 40.
1376 2589 1389 2609 1
1408 2580 1504 2610 Joan.

119 2633 165 2664 iii.
184 2642 234 2672 ²3-
364 2639 379 2659 y
396 2633 498 2663 Exod.
515 2632 605 2662 xxxi.
626 2631 674 2662 18.
690 2637 723 2662 et
738 2632 848 2662 xxxiv.
865 2631 917 2669 28,
933 2640 984 2671 29.
1009 2632 1107 2662 Dent.
1123 2632 1165 2663 iv.
1185 2641 1236 2671 13·
1379 2638 1392 2652 ²
1407 2633 1505 2663 Dent.

119 2696 149 2715 v.
168 2695 222 2723 32.
238 2691 271 2717 et
286 2697 317 2717 x.
334 2696 382 2717 12.
400 2691 431 2717 et
447 2688 490 2717 xi.
508 2685 558 2716 26.
599 2685 679 2716 Mat.
696 2685 758 2715 xix.
778 2684 826 2716 16.
868 2695 880 2715 1
900 2687 995 2716 -Joan,
1011 2686 1056 2716 iii.
1073 2694 1123 2723 24.
1270 2692 1283 2706 ‘¹
1301 2687 1398 2717 Deut.
1414 2687 1457 2717 vi.
1473 2695 1503 2727 5.

122 2739 204 2770 Mat.
221 2739 300 2770 xxii.
316 2739 370 2779 36.
501 2739 515 2759 ¹¹
532 2739 613 2770 Mat.
631 2739 710 2769 xxii.
726 2748 778 2778 39.
804 2738 897 2768 Rom.
915 2738 982 2768 xiii.
999 2738 1031 2776 8,
1049 2748 1080 2779 9.
1102 2739 1172 2769 Gal.
1196 2749 1223 2769 v.
1246 2748 1292 2777 14.

807 2793 876 2831 ΡΒ
