1799 3077
258 127 343 170 256
593 129 828 170 NOELLI
863 130 1329 172 CATECHISMUS.

254 257 280 282 a
309 242 338 282 J
344 241 438 283 udae
466 242 639 298 posteris
668 243 720 283 ad
753 244 979 294 Romanos,
1000 252 1079 285 gae
1110 243 1357 299 alienigenas
1390 244 1543 299 Reges,
1575 243 1648 299 qui

254 310 486 366 precarium
517 311 594 351 sub
626 312 914 351 Romanorum
951 311 1123 367 imperio
1159 313 1358 368 Regnum
1389 311 1647 359 obtinebant,

255 378 499 419 translatum
514 378 603 434 jam
623 387 738 418 esset.
783 378 857 418 Ad
877 378 980 429 haec,
999 378 1213 420 Christum
1232 379 1427 435 gentibus
1446 378 1468 406 h
1483 377 1536 419 ad
1553 393 1650 434 sup-

256 445 425 501 plicium
447 446 698 488 tradendum
718 446 821 496 fore,
843 455 884 487 ct
910 447 1111 488 sententia
1125 447 1280 503 judicis
1299 446 1432 504 capite
1451 446 1650 487 damnan-

257 514 374 565 dum,
394 514 592 556 divinitus
612 514 709 556 olim
729 514 867 556 fuerat
886 524 1261 571 praemonstratum.

314 584 379 625 M.
414 583 469 625 Id
489 583 759 639 quamobrem
781 583 978 624 tandem?

314 652 370 692 A.
418 651 631 692 Sententia
665 650 820 707 judicis
853 650 1048 692 innocens
1080 651 1301 693 damnatus
1329 659 1404 702 est,
1436 659 1484 691 ut
1514 657 1650 690 sontes

256 735 343 770 nos,
365 735 544 775 quorum
567 735 691 761 causa
711 719 868 761 Divino
892 719 1053 776 judicio
1082 719 1271 761 convicta
1299 728 1425 775 atque
1454 718 1650 759 damnata

254 797 355 838 erat,
378 803 455 844 pro
476 787 631 829 coelesti
650 787 869 829 itribunali
898 788 1142 839 absolveret,
1163 796 1204 829 et
1233 788 1275 829 in
1305 788 1515 844 integrum
1535 786 1650 828 resti-

256 865 402 897 tueret.
466 856 508 898 Si
539 857 648 897 enim
683 872 708 897 a
736 856 965 897 latronibus
1000 857 1236 913 jugulatus,
1269 865 1342 898 aut
1373 865 1578 897 commota
1607 863 1649 896 et

255 924 458 966 concitata
491 924 703 975 seditione,
735 940 760 965 a
798 925 970 981 privatis
1003 925 1241 966 hominibus
1274 925 1384 966 ferro
1419 924 1649 965 trucidatus

255 991 414 1043 fuisset,
450 992 608 1033 nullam
647 1008 695 1033 ea
733 1008 844 1034 mors
882 992 1182 1044 satisfactionis,
1223 991 1648 1050 compensationisque

256 1060 431 1116 speciem
451 1059 674 1102 habuisset.

314 1130 377 1170 M.
411 1129 547 1185 Atqui
570 1129 731 1170 Pilatus
747 1129 799 1170 de
819 1129 928 1171 illius
948 1129 1180 1171 innocentia
1200 1129 1480 1171 testimonium
1500 1127 1617 1169 dixit.

313 1198 370 1237 A.
403 1198 534 1237 Recte
564 1196 642 1237 hoc
673 1195 731 1236 illi
760 1196 1041 1237 testimonium
1074 1196 1221 1237 tribuit
1250 1195 1461 1246 kPilatus,
1493 1194 1557 1235 cui
1595 1194 1648 1234 de

256 1265 345 1321 ejus
374 1264 609 1306 innocentia
640 1264 763 1320 plane
791 1264 984 1306 constitit.
1047 1265 1157 1305 Nam
1179 1264 1210 1305 si
1230 1262 1405 1305 lnocens
1431 1262 1646 1313 extitisset,

255 1334 423 1375 minime
453 1334 598 1375 fuisset
618 1344 740 1390 aptus
768 1343 894 1390 atque
923 1334 1110 1384 idoneus,
1132 1334 1204 1390 qui
1224 1333 1345 1374 alieni
1374 1333 1530 1389 peccati
1559 1347 1647 1388 poe-

255 1419 328 1445 nas
359 1403 546 1444 sufferret
573 1412 700 1458 atque
729 1402 993 1458 persolveret,
1016 1403 1240 1458 Deumque
1269 1402 1478 1458 placatum
1506 1417 1648 1458 pecca„

256 1472 416 1513 toribus
451 1470 638 1512 efficeret.
699 1471 813 1511 Eum
846 1479 983 1511 tamen
1017 1479 1160 1527 postea
1194 1471 1359 1512 assiduo
1397 1472 1426 1511 J
1431 1470 1646 1511 udaeorum

255 1540 432 1581 clamore
468 1549 594 1595 atque
635 1538 813 1580 convitio
839 1539 1035 1595 jactatus,
1067 1548 1108 1580 et
1140 1538 1449 1595 improbissimis
1478 1538 1649 1580 vocibus

257 1609 501 1665 mfatigatus
531 1618 657 1664 atque
686 1607 834 1658 victus,
866 1607 975 1648 idem
1006 1607 1074 1648 ille
1111 1608 1272 1649 Pilatus
1305 1607 1564 1648 innocentem
1595 1607 1648 1648 de

257 1677 457 1718 sententia
486 1676 631 1733 populi
652 1676 956 1717 condemnavit.
1016 1676 1143 1717 Unde
1162 1676 1293 1732 liquet
1313 1691 1395 1717 non
1417 1691 1491 1717 sua
1510 1676 1646 1732 ipsum

256 1754 437 1801 peccata,
469 1760 565 1801 quae
595 1743 746 1784 nnulla
775 1743 816 1783 in
855 1759 903 1784 eo
938 1752 1068 1795 erant,
1100 1759 1175 1785 nec
1209 1759 1352 1800 poenas
1381 1743 1459 1800 ipsi
1489 1743 1649 1784 debitas

257 1823 389 1854 morte
423 1812 560 1863 luisse,
595 1812 665 1853 sed
696 1811 855 1853 debitas
890 1811 1106 1852 hominum
1143 1812 1297 1863 sceleri,
1330 1812 1406 1853 sibi
1445 1811 1649 1852 indebitas

257 1897 401 1939 poenas
422 1897 497 1923 sua
516 1881 729 1922 voluntate
750 1880 791 1920 in
814 1896 854 1921 se
876 1890 1085 1937 susceptas
1106 1880 1290 1931 subiisse,
1313 1880 1567 1930 sustinuisse,
1589 1888 1650 1920 at-

257 1966 340 2006 que
371 1949 638 2007 dependisse;
682 1958 722 1990 et
754 1957 986 1989 nostrorum
1018 1948 1270 2004 flagitiorum
1304 1948 1485 1988 maculas
1517 1957 1649 1988 morte

258 2018 505 2069 voluntaria,
524 2026 565 2059 et
585 2033 659 2058 suo
679 2017 907 2058 innocentis
928 2016 1126 2073 sanguine
1146 2016 1270 2057 luisse
1290 2025 1416 2072 atque
1431 2015 1590 2057 eluisse.

318 2089 381 2128 M.
414 2088 477 2127 At
498 2101 582 2142 qua
612 2086 664 2126 de
693 2101 816 2126 causa
844 2085 1026 2141 populus
1056 2100 1217 2126 summa
1245 2093 1286 2125 et
1321 2083 1518 2140 singulari
1548 2084 1650 2125 inte-

258 2154 409 2210 gritate
438 2164 565 2210 atque
595 2153 827 2195 innocentia
848 2153 984 2194 virum
1015 2162 1098 2194 tam
1119 2153 1263 2194 acerbe
1294 2162 1334 2193 et
1361 2152 1526 2208 penitus
1554 2151 1652 2192 ode-

261 2226 353 2264 rat?

318 2294 374 2332 A.
416 2291 670 2340 Sacerdotes,
708 2290 921 2339 Pharisaei,
953 2300 994 2330 et
1031 2289 1199 2339 Scribae,
1232 2289 1398 2330 invidiae
1428 2289 1649 2330 ⁰incendio

260 2360 494 2417 flagrantes,
517 2374 649 2415 quum
671 2367 690 2396 Ρ
704 2358 885 2399 veritatis
906 2358 988 2398 vim
1009 2367 1136 2413 atque
1159 2358 1293 2399 lucem
1314 2358 1421 2398 ferre
1448 2372 1529 2397 non
1557 2373 1649 2413 pos-

304 2521 318 2540 ἕ
341 2515 420 2545 Luc.
435 2515 468 2544 ii.
486 2524 512 2544 1.
535 2514 582 2545 iii.
600 2524 626 2544 1.
695 2513 710 2534 ¹¹
734 2514 818 2544 Psal.
831 2515 865 2544 ii.
881 2523 909 2544 2.
934 2515 1013 2544 Luc.
1028 2514 1118 2544 xviii.
1135 2524 1190 2553 31,
1207 2524 1260 2553 32.
1285 2514 1373 2544 xxiv.
1393 2512 1443 2543 26.
1531 2512 1538 2532 ἱ
1562 2513 1650 2543 Esai.

263 2568 322 2597 liii.
339 2578 371 2606 3,
389 2568 420 2597 8.
444 2569 539 2598 Rom.
556 2579 586 2598 v.
607 2577 636 2604 1,
650 2566 681 2606 6,
700 2568 731 2598 8.
755 2568 823 2597 viii.
841 2577 869 2598 x.
894 2577 910 2598 2
929 2568 1003 2599 Cor.
1020 2579 1049 2598 v.
1068 2568 1118 2605 18,
1138 2577 1190 2598 αι.
1218 2577 1228 2597 1
1252 2568 1320 2598 Pet.
1339 2567 1383 2596 iii.
1400 2567 1450 2597 18.
1528 2566 1544 2587 ¹<
1567 2567 1650 2598 Mat.

263 2622 364 2651 xxvii.
380 2621 430 2657 18,
447 2629 497 2660 ²3·
522 2622 607 2652 Mar.
624 2631 676 2651 xv.
696 2631 744 2652 10.
771 2621 848 2651 Luc.
866 2621 957 2652 xxiii.
975 2630 1023 2659 14.
1046 2622 1145 2652 Joau.
1162 2622 1252 2652 xviii.
1268 2621 1322 2659 38.
1409 2619 1417 2640 ¹
1439 2620 1526 2651 Esai.
1542 2620 1602 2650 liii.
1620 2627 1650 2660 5.

263 2675 360 2704 Joau.
378 2675 400 2704 i.
418 2684 470 2714 29,
486 2675 538 2713 36.
568 2685 578 2705 1
597 2675 665 2705 Pet.
682 2674 729 2705 iii.
745 2675 793 2705 18.
915 2681 937 2694 ¹¹¹
955 2675 1038 2706 Mat.
1057 2675 1157 2705 xxvii.
1175 2684 1224 2705 22.
1248 2675 1326 2705 Luc.
1343 2673 1437 2704 xxiii.
1458 2672 1508 2711 18,
1527 2682 1580 2709 21,
1596 2682 1649 2712 23,

268 2737 318 2767 24.
434 2735 449 2749 ¹¹
474 2729 560 2759 lis-di.
576 2729 634 2758 liii.
649 2737 683 2766 4,
700 2736 730 2768 5.
759 2739 769 2758 1
791 2729 856 2759 Pet.
874 2729 906 2759 ii.
926 2738 976 2766 24.
999 2729 1046 2760 iii.
1063 2728 1111 2759 18.
1242 2736 1255 2748 ⁰
1280 2729 1360 2758 Mat.
1378 2727 1475 2757 xxvii.
1494 2727 1541 2757 18.
1565 2727 1650 2758 Mar.

266 2792 318 2813 xv.
341 2792 386 2812 10.
517 2788 532 2807 P
557 2782 637 2812 Mat.
656 2792 707 2812 xv.
727 2791 774 2812 12.
800 2782 879 2813 Luc.
897 2792 949 2812 xx.
972 2792 1018 2822 19.
1043 2782 1138 2813 stoan.
1158 2782 1222 2813 viii.
1234 2790 1289 2819 40,
1302 2790 1354 2821 45.
1378 2781 1421 2811 xi.
1439 2787 1491 2819 47.
