1799 3077
297 107 382 145 324
624 106 854 147 NOELLI
887 107 1353 148 CATECHISMUS.

358 221 419 260 M.
454 221 543 261 Cur
573 235 671 275 ergo
697 220 870 261 exitialis
894 229 954 261 est
977 219 1113 276 impiis
1135 221 1386 261 Sacramenti
1411 223 1683 264 communica-

302 290 371 339 tio,
394 289 426 329 si
448 289 685 345 hujusmodi
708 289 882 330 mutatio
902 304 983 329 non
1004 290 1102 330 fiat?

358 360 414 399 A.
448 358 556 408 Quia
575 358 628 398 ad
648 359 796 399 Sancta
815 367 856 398 et
877 357 1032 398 Divina
1054 359 1247 414 mysteria
1267 368 1370 415 nper
1390 359 1623 415 hypocrisin
1645 371 1685 401 et

303 426 602 467 simulationem
624 426 839 475 accedunt,
857 441 987 481 eaque
1007 426 1132 483 impie
1152 443 1245 468 cum
1263 428 1435 469 Domini
1455 428 1598 484 ipsius,
1614 428 1686 484 qui

303 510 346 535 ca
371 494 561 544 instituit,
584 509 744 534 summa
762 493 914 551 injuria
932 495 1262 551 contumeliaque
1283 496 1513 552 profanant.

364 564 426 603 M.
460 564 660 604 Nostrum
683 562 811 619 igitur
831 562 934 619 quid
953 562 1004 604 sit
1023 563 1217 615 officium,
1241 574 1288 605 ut
1312 574 1421 606 recte
1440 565 1493 606 ad
1515 566 1688 607 Coenam

307 631 564 672 Dominicam
586 631 840 681 accedamuS,
863 631 1048 672 edissere.

367 702 412 740 A.
449 700 562 740 Illud
583 700 719 756 ipsum
740 700 853 755 quod
877 700 1009 741 Sacris
1032 700 1253 757 Scripturis
1273 701 1488 751 docemur;
1514 711 1561 743 ut
1579 702 1692 743 vide-

310 769 401 808 licet
418 783 490 808 nos
511 768 620 824 ipsos
636 768 936 824 ⁰exploremus‚
955 784 1055 810 num
1071 785 1169 810 vera
1184 769 1309 811 simus
1324 770 1477 812 Christi
1494 771 1689 812 membra.

367 837 429 876 M.
464 836 626 886 Quibus
646 837 688 878 id
710 837 816 878 notis
836 845 962 892 atque
988 837 1147 878 indiciis
1173 838 1387 880 manifeste
1414 839 1693 895 deprehende-

310 920 401 945 mus
415 907 431 945 ?

368 975 422 1014 A.
457 972 659 1023 Primum,
684 974 715 1014 si
736 983 812 1015 Pex
834 974 971 1015 animo
1001 990 1074 1015 nos
1104 975 1302 1031 poeniteat
1331 986 1593 1032 peccatorum
1622 991 1695 1017 no-

311 1053 504 1091 strorum,
527 1057 622 1096 quae
652 1042 864 1083 Christum
893 1042 972 1083 ‘lad
1001 1053 1189 1094 mortem,
1218 1044 1337 1100 cujus
1364 1060 1474 1086 nunc
1501 1044 1694 1101 mysteria

312 1110 429 1151 nobis
465 1109 701 1160 traduntur,
734 1110 984 1166 adegerunt:
1024 1111 1172 1153 deinde
1203 1112 1234 1153 si
1268 1121 1403 1153 rcerta
1432 1128 1503 1169 spe
1532 1112 1584 1154 de
1615 1111 1696 1153 Dei

314 1194 386 1234 per
408 1177 620 1219 Christum
643 1177 931 1229 misericordia,
955 1194 1027 1220 nos
1049 1180 1334 1231 sustineamus,
1356 1190 1481 1236 atque
1502 1182 1695 1231 nitamur,

314 1262 406 1287 cum
429 1255 547 1302 grata
567 1245 859 1301 redemptionis
878 1262 952 1303 per
978 1237 1151 1288 mortem
1179 1249 1269 1304 ejus
1295 1248 1505 1305 acquisitae
1525 1258 1698 1290 Smemo-

314 1315 385 1355 ria.
448 1316 668 1364 Praeterea,
691 1313 721 1354 si
748 1314 800 1355 de
820 1314 905 1355 vita
930 1314 988 1355 tin
1018 1315 1207 1357 futurum
1240 1317 1306 1373 pie
1337 1317 1524 1373 degenda
1554 1317 1698 1358 seriam

314 1383 602 1439 cogitationem
627 1392 667 1423 et
687 1382 935 1424 destinatum
958 1385 1213 1441 propositum
1243 1385 1521 1442 suscipiamus.
1582 1387 1702 1427 Post-

316 1467 443 1500 remo,
464 1466 559 1492 cum
580 1451 878 1507 conjunctionis
910 1452 1047 1503 etiam,
1069 1453 1359 1510 charitatisque
1386 1454 1492 1496 inter
1516 1454 1702 1496 homines

319 1529 477 1561 mutuae
499 1529 518 1548 ⁰
530 1520 774 1576 Symbolum
795 1520 837 1561 in
856 1522 987 1562 Coena
1006 1522 1226 1564 Dominica
1245 1522 1517 1574 contineatur,
1535 1523 1567 1564 si
1582 1532 1703 1580 Xpro-

321 1589 466 1639 ximos,
488 1588 532 1628 id
552 1597 627 1638 est,
650 1589 841 1630 mortales
861 1605 1002 1631 omnes
1021 1591 1203 1632 fraterno
1222 1607 1374 1641 amore,
1398 1592 1482 1633 sine
1510 1591 1595 1633 ulla
1620 1607 1704 1632 ma-

321 1656 539 1698 levolentia
558 1656 719 1707 odiove,
742 1673 1051 1714 prosequamur.

381 1725 443 1764 M.
489 1725 561 1764 An
593 1723 811 1780 quisquam
845 1725 922 1766 ista
953 1742 1048 1782 quae
1080 1742 1385 1779 commemoras,
1417 1728 1553 1770 omnia
1587 1727 1705 1785 plene

323 1792 586 1849 perfecteque
605 1802 801 1848 praestare
821 1797 986 1849 potest?

383 1862 436 1900 A.
469 1859 693 1901 Absolutio
713 1861 905 1902 omnibus
926 1863 1106 1903 numeris
1134 1863 1329 1919 perfecta,
1351 1864 1392 1904 in
1414 1880 1498 1920 qua
1518 1864 1618 1905 nihil
1639 1864 1708 1904 de-

325 1927 540 1977 sideretur,
562 1927 631 1968 yin
651 1927 831 1979 homine,
851 1930 989 1985 quoad
1010 1930 1121 1971 hunc
1142 1931 1345 1971 mundum
1365 1931 1519 1981 incolit,
1536 1931 1708 1972 inveniri

326 2011 408 2036 non
437 2004 596 2052 potest3
630 2011 765 2052 neque
795 2007 932 2038 tamen
963 1998 1232 2055 imperfectio,
1254 2014 1338 2055 qua
1367 1999 1615 2051 laboramus,
1635 2015 1710 2040 nos

326 2063 378 2104 ab
399 2079 561 2105 accessu
582 2064 635 2105 ad
658 2065 830 2106 Coenam
853 2066 1128 2118 Dominicam,
1150 2083 1276 2124 quam
1303 2067 1620 2124 imperfectionis
1640 2083 1711 2108 no-

327 2141 421 2171 strae
442 2140 568 2188 atque
588 2132 879 2174 imbecillitatis
901 2134 1128 2176 subsidium
1150 2151 1234 2176 esse
1256 2135 1463 2176 Dominus
1482 2135 1627 2187 voluit,
1650 2151 1712 2176 ar-

328 2214 418 2239 cere
438 2199 586 2248 debet;
619 2201 703 2243 imo
730 2202 761 2242 si
788 2203 958 2259 perfecti
988 2219 1181 2255 essemus,
1204 2204 1363 2246 nullum
1395 2204 1502 2246 inter
1528 2219 1602 2245 nos
1629 2218 1712 2244 am-

331 2267 438 2322 plius
453 2284 573 2310 usum
590 2271 814 2327 Coenajam
828 2271 1009 2313 haberet.
1043 2274 1142 2314 Huc
1157 2284 1291 2314 tamen
1305 2289 1401 2329 quae
1413 2272 1499 2314 dixi
1513 2280 1712 2329 spectant,

376 2443 389 2456 ¹¹
418 2446 428 2466 1
451 2437 526 2467 Cor.
544 2437 586 2467 xi.
601 2444 653 2476 27,
672 2437 724 2473 28,
744 2447 795 2478 29,
813 2438 870 2468 &tu
987 2445 1000 2457 ⁰
1028 2448 1038 2467 1
1061 2439 1134 2468 Cor.
1152 2439 1196 2469 xi.
1216 2439 1266 2477 26,
1287 2447 1339 2479 27,
1357 2439 1409 2475 28,
1432 2440 1490 2469 &c.
1611 2444 1627 2464 1·
1649 2439 1716 2469 Jer.

334 2491 420 2520 xxiv.
437 2498 465 2530 7.
490 2491 579 2521 xxix.
597 2501 643 2529 13.
665 2492 748 2522 Joel.
766 2492 800 2522 ii.
819 2502 868 2530 12,
888 2502 937 2531 13,
957 2493 1005 2528 16,
1022 2500 1070 2533 17.
1189 2501 1202 2519 ἰ
1226 2494 1312 2525 Esai.
1328 2494 1386 2524 liii.
1400 2498 1478 2524 toto.
1504 2493 1652 2524 Rom.iv.
1668 2500 1718 2531 25.

338 2554 348 2573 1
370 2546 435 2574 Pet.
453 2545 487 2575 ii.
506 2554 555 2584 24.
687 2553 697 2565 r
722 2545 797 2576 Luc.
814 2557 864 2577 xv.
879 2555 906 2586 ¹7.
931 2547 1019 2577 xviii.
1036 2557 1083 2586 13·
1108 2547 1202 2578 Rom.
1217 2559 1245 2579 v.
1263 2558 1295 2588 5,
1311 2548 1344 2585 8,
1362 2558 1392 2589 9.
1421 2558 1432 2578 1
1453 2548 1540 2578 Tim.
1557 2548 1578 2577 i.
1598 2556 1648 2585 14,
1667 2555 1718 2586 15,

340 2597 386 2627 16.
510 2605 520 2618 ⁵
546 2600 622 2629 Luc.
640 2600 716 2630 xxii.
733 2610 780 2641 19.
810 2611 820 2630 1
842 2601 916 2632 Cor.
933 2601 973 2632 xi.
991 2610 1043 2640 24,
1064 2611 1115 2642 25,
1133 2601 1181 2632 26.
1305 2606 1313 2622 ²
1341 2613 1352 2633 1
1372 2603 1440 2633 Pet.
1456 2603 1489 2633 ii.
1504 2611 1553 2639 24.
1575 2602 1618 2631 iv.
1638 2610 1667 2637 1,
1687 2609 1721 2637 2,

333 2660 364 2689 3.
392 2660 407 2681 2
425 2651 491 2682 Pet.
507 2653 541 2684 ii.
557 2663 609 2691 20,
626 2663 678 2692 21,
693 2656 752 2685 &c.
776 2656 842 2686 Tit.
860 2656 893 2686 ii.
914 2666 964 2692 11,
985 2665 1034 2693 12,
1054 2666 1100 2695 13,
1121 2667 1169 2695 14·
1259 2664 1273 2677 ¹¹
1301 2667 1311 2687 1
1328 2658 1402 2688 Cor.
1418 2667 1448 2687 x.
1464 2664 1512 2696 17.
1598 2660 1613 2674 Χ
1637 2654 1720 2684 Mat.

335 2705 414 2735 xxii.
431 2715 484 2746 39.
511 2707 586 2738 Luc.
604 2718 634 2738 x.
652 2716 702 2748 27.
726 2709 820 2740 Rom.
839 2710 908 2740 xiii.
925 2716 1004 2741 toto.
1197 2719 1209 2737 >¹
1229 2712 1393 2741 Matsxix.
1413 2720 1463 2741 21.
1485 2710 1579 2740 Rom.
1597 2709 1651 2740 vii.
1672 2708 1718 2738 18-

341 2770 349 2789 1
373 2760 446 2789 Cor,
464 2760 532 2790 xiii.
549 2772 581 2799 9,
602 2772 651 2799 10,
675 2772 720 2793 12.
746 2763 823 2793 Phil.
841 2764 885 2794 iii.
907 2774 956 2801 12,
978 2775 1024 2803 ¹3·
