1799 3077
503 126 735 167 JUELLI
769 126 1110 168 APOLOGIA.
1416 133 1498 174 147

111 252 236 288 secro,
257 238 438 294 partium
466 248 583 280 erant
608 238 681 289 illi,
703 239 773 295 qui
807 240 1039 281 Henricum
1071 240 1291 296 septimum
1322 242 1497 298 Impera-

110 314 240 347 torem
263 322 419 347 veneno
441 306 698 348 sustulerunt
718 308 759 348 in
781 307 1071 349 Eucharistia?
1105 308 1187 359 Qui
1208 308 1402 350 victorem
1421 312 1498 352 Pa-

110 389 205 430 pam
227 374 269 414 in
290 389 403 414 sacro
423 374 575 415 calice?
609 375 691 425 Qui
713 377 742 415 J
746 391 919 416 oannem
940 384 1126 416 nostrum
1149 377 1308 432 Regem
1331 377 1498 433 Angliae

111 441 153 482 in
174 441 374 482 mensario
394 441 574 497 poculo?
608 443 857 498 Quicunque
876 442 934 483 illi
955 443 1138 493 tandem,
1160 453 1201 484 et
1222 459 1499 499 quarumcun-

111 524 193 564 que
222 508 404 565 partium
434 510 603 560 fuerint,
630 511 860 551 Lutherani
893 520 1017 561 certe,
1045 521 1119 552 aut
1150 511 1387 567 Zuingliani
1417 528 1499 553 non

109 577 292 618 fuerunt.
355 577 458 628 Quis
477 578 600 619 hodie
622 594 802 619 summos
823 580 961 634 Reges
982 589 1022 619 et
1044 579 1296 620 Monarchas
1319 580 1500 622 admittit

111 644 165 686 ad
185 644 325 686 oscula
350 645 566 686 beatorum
592 645 779 702 pedum?
813 646 915 695 Quis
946 647 1245 701 Imperatorem
1270 647 1393 703 jubet
1424 648 1498 689 sibi

111 721 244 753 astare
273 713 326 754 ad
356 713 562 761 fraenum,
605 722 646 754 et
679 713 894 753 Gallorum
929 715 1089 769 Regem
1121 714 1174 755 ad
1206 715 1362 755 ferrum
1394 716 1498 757 illud

112 781 266 836 pensile
286 796 370 836 quo
389 780 431 821 in
453 796 608 836 equum
629 780 894 821 ascenditur?
928 781 1029 831 Quis
1048 782 1313 823 Franciscum
1331 784 1499 825 Danda-

112 848 213 898 lum,
243 850 405 889 Ducem
427 848 708 899 Venetiarum,
737 849 898 904 Regem
930 851 1066 890 Cretae
1096 865 1142 890 ac
1175 851 1319 906 Cypri,
1347 852 1499 893 catenis

114 916 296 957 vinctum
323 917 472 972 abjecit
503 917 580 957 sub
611 931 793 957 mensam
825 932 956 966 suam,
979 926 1027 957 ut
1056 933 1148 958 ossa
1176 917 1365 973 liguriret
1394 919 1500 960 inter

112 990 263 1026 canes?
306 985 407 1036 Quis
445 985 693 1040 Imperatori
731 984 916 1025 Henrico
954 986 1094 1035 Sexto,
1128 986 1276 1026 Romae
1311 986 1500 1028 diadema

114 1068 196 1093 non
217 1068 357 1103 manu,
381 1053 449 1094 sed
471 1052 577 1109 pede
597 1051 818 1108 imposuit;
852 1061 892 1093 et
913 1053 1057 1093 eodem
1083 1053 1189 1109 pede
1219 1068 1363 1095 rursus
1394 1055 1500 1111 deje-

114 1120 183 1171 cit,
204 1130 329 1176 atque
350 1121 471 1161 etiam
492 1120 667 1171 addidit,
685 1120 835 1161 habere
857 1136 897 1161 se
914 1129 1158 1176 potestatem
1174 1131 1214 1162 et
1232 1122 1397 1163 creandi
1416 1124 1500 1163 Im-

114 1197 336 1243 peratores,
358 1197 398 1228 et
419 1187 734 1228 summovendi?
768 1187 871 1238 Quis
904 1188 1133 1228 Henricum
1164 1188 1294 1229 filium
1326 1190 1500 1230 armavit

114 1254 156 1294 in
180 1255 477 1310 Imperatorem
499 1255 730 1295 Henricum
757 1264 954 1310 quartum
982 1265 1140 1311 patrem
1172 1271 1319 1304 suum;
1353 1256 1502 1297 effecit-

116 1337 198 1378 que
219 1331 266 1362 ut
285 1334 402 1378 pater
422 1338 446 1363 a
470 1321 555 1363 filio
582 1338 657 1363 suo
684 1331 914 1378 caperetur,
937 1332 977 1363 et
1007 1323 1203 1364 detonsus
1233 1333 1359 1379 atque
1388 1323 1503 1379 igno-

116 1390 285 1431 miniose
312 1390 492 1441 habitus,
515 1390 784 1446 conjiceretur
814 1390 855 1430 in
886 1391 1192 1440 monasterium,
1215 1402 1256 1432 et
1285 1392 1434 1441 inedia,
1457 1407 1503 1432 ac

117 1473 292 1498 moerore
312 1458 643 1499 contabesceret?
677 1458 779 1507 Quis
799 1457 973 1498 cervices
1000 1458 1266 1514 Imperatoris
1294 1460 1329 1499 F
1334 1459 1502 1499 rederici

119 1526 292 1582 subjecit
312 1526 472 1566 foedum
499 1525 540 1566 in
568 1526 739 1567 modum
769 1525 946 1581 pedibus
976 1525 1090 1566 suis?
1131 1534 1172 1566 et
1200 1527 1317 1582 quasi
1348 1526 1388 1567 id
1422 1542 1503 1567 non

118 1604 223 1635 esset
243 1594 352 1644 satis,
373 1593 535 1635 addidit
555 1594 676 1634 etiam
697 1594 866 1649 insuper
886 1609 936 1634 ex
959 1593 1133 1634 Psalmis
1161 1594 1348 1644 Davidis,
1372 1596 1506 1650 Super

119 1662 301 1718 aspidem
322 1670 363 1703 et
383 1661 614 1702 basiliscum
636 1661 880 1712 ambulabis,
900 1660 1156 1702 conculcabis
1176 1660 1332 1702 leonem
1354 1670 1395 1702 et
1414 1662 1506 1703 dr&

119 1745 287 1777 cone1n3
326 1729 448 1785 quale
478 1730 714 1786 exemplum
745 1739 892 1786 spretae
923 1739 964 1771 et
993 1738 1239 1786 contemptae
1268 1730 1504 1785 majestatiS,

120 1813 335 1853 nunquam
356 1807 476 1838 antea
497 1798 581 1838 ulla
600 1798 797 1839 memoria
816 1798 1006 1839 auditum
1027 1798 1160 1838 fuerat
1177 1814 1187 1845 ;
1221 1798 1296 1838 nisi
1316 1799 1422 1839 forte
1442 1799 1506 1839 vel

119 1866 161 1906 in
185 1865 431 1906 Tamerlane
455 1866 622 1922 Scytha,
644 1866 808 1907 homine
828 1867 916 1907 fero
936 1874 977 1906 et
997 1865 1188 1916 barbaro,
1206 1866 1270 1907 vel
1290 1866 1331 1906 in
1355 1868 1507 1922 Sapore

124 1934 243 1988 Rege
265 1934 485 1973 Persarum
500 1936 516 1973 ?

181 2002 335 2042 Omnes
354 2000 420 2042 isti
441 2001 612 2042 fuerunt
634 2002 786 2057 Papae-3
820 2015 960 2040 omnes
982 2015 1230 2041 successores
1253 2000 1390 2047 Petri;
1424 2016 1508 2041 om-

122 2084 195 2110 nes
216 2069 468 2120 sanctissimi,
489 2084 669 2124 quorum
700 2067 882 2124 singulas
904 2083 1020 2108 voces
1050 2068 1212 2124 singula
1241 2068 1358 2125 nobis
1390 2084 1509 2124 opor-

125 2148 209 2178 teat
229 2153 314 2177 esse
335 2137 577 2193 Evangelia.

184 2205 227 2246 Si
248 2220 321 2245 nos
342 2205 400 2245 rei
420 2220 563 2246 sumus
583 2204 819 2260 majestatis,
838 2204 910 2260 qui
932 2204 1136 2260 principes
1152 2213 1310 2245 nostros
1326 2204 1510 2255 colimus,

124 2272 196 2328 qui
218 2272 296 2312 illis
323 2272 473 2323 omnia,
494 2282 699 2328 quantum
731 2271 900 2327 quidem
931 2287 1005 2327 per
1029 2272 1200 2312 verbum
1233 2271 1312 2311 Dei
1342 2272 1403 2311 fas
1433 2282 1507 2321 est,

126 2340 362 2390 deferimus,
384 2341 457 2396 qui
483 2356 560 2396 pro
586 2340 665 2380 illis
694 2355 925 2395 precamur,
948 2339 1049 2395 quid
1082 2355 1180 2395 ergo
1209 2339 1276 2380 isti
1306 2349 1415 2389 sunt,
1438 2340 1509 2395 qui

127 2423 210 2449 non
230 2417 392 2448 tantum
413 2409 501 2449 haec
522 2409 708 2449 fecerunt
725 2407 875 2457 omnia,
898 2423 992 2463 quae
1013 2407 1207 2456 diximus,
1231 2408 1301 2448 sed
1322 2407 1443 2448 etiam
1464 2424 1513 2448 ea

128 2475 245 2532 quasi
265 2475 419 2530 optime
438 2476 548 2516 facta
567 2476 920 2531 comprobarunt?
952 2478 1023 2516 An
1045 2491 1142 2516 vero
1161 2475 1220 2516 illi
1240 2485 1314 2517 aut
1333 2476 1384 2517 ad
1402 2476 1512 2517 hunc

129 2544 299 2584 modum
321 2543 468 2584 docent
487 2543 689 2599 populum
712 2543 885 2584 revereri
906 2543 1206 2598 magistratum,
1228 2553 1300 2584 aut
1331 2544 1426 2584 satis
1447 2560 1513 2584 ve-

130 2612 309 2652 recunde
330 2621 502 2667 possunt
521 2626 593 2651 nos
616 2620 812 2666 tanquam
835 2611 1019 2651 homines
1041 2611 1265 2662 seditiosos,
1288 2621 1326 2652 et
1355 2624 1514 2668 pertur-

131 2679 293 2720 batores
314 2679 425 2735 pacis
445 2678 637 2734 publicae,
660 2688 700 2718 et
721 2678 944 2733 majestatis
968 2689 1269 2735 contemptores
1295 2683 1513 2720 accusare?

134 2748 240 2786 Nam
270 2762 343 2786 nos
373 2746 538 2801 quidem
573 2761 645 2786 nec
671 2746 822 2800 jugum
854 2746 1099 2795 excutimus,
1122 2762 1196 2787 nec
1227 2763 1351 2801 regna
1382 2763 1514 2787 move-

826 2828 846 2853 ι,
866 2815 892 2851 ‘2
1156 2819 1160 2823 “

1512 799 1690 830 Sabellicus.

1514 1003 1701 1032 Caelestinus

1513 1048 1602 1083 Papa.

1515 1201 1698 1231 Hildebran-

1513 1246 1568 1273 (lus
1587 1247 1676 1283 Papa.

1516 1471 1664 1500 Alexand.
1681 1479 1713 1508 3.
