1799 3077
640 139 943 180 RIDLEII.
1432 147 1487 188 59

154 253 211 294 iii.
234 253 464 308 Postquam
486 251 656 292 inventa
675 261 737 293 est
758 260 912 293 aeterna
930 250 1174 307 redemptio,
1196 267 1278 294 non
1297 269 1402 309 opus
1428 266 1486 297 est

97 321 274 378 amplius
295 319 539 376 quotidiana
562 319 770 361 oblatione
783 337 795 372 3
827 328 870 361 at
901 318 1094 361 Christus
1123 320 1319 361 accedens
1349 322 1488 363 Ponti-

96 391 208 440 fex0‚
231 391 302 430 Sec.
325 397 520 430 aeternam
551 387 670 429 nobis
699 387 856 429 invenit
886 386 1237 443 redemptionem3
1279 404 1378 444 ergo
1407 404 1487 431 non

96 473 204 514 opus
223 465 285 498 est
304 456 484 513 amplius
504 455 748 512 quotidiana
767 456 975 497 oblatione
1001 470 1078 511 pro
1104 455 1280 511 peccatis
1301 456 1488 498 vivorum

98 534 141 568 et
160 533 422 567 mortuorum
445 524 671 581 expiandis.

154 593 209 634 iv.
233 593 408 648 Absque
438 591 650 649 sanguinis
679 591 878 633 effusione
908 605 990 632 non
1020 590 1069 632 fit
1098 590 1306 638 remissi03
1349 590 1420 631 sed
1450 591 1490 631 in

100 661 235 704 Missa
252 676 337 702 non
357 669 419 702 est
440 659 652 716 sanguinis
672 659 832 710 effusio,
854 674 953 715 ergo
972 658 1014 699 in
1036 658 1158 699 missa
1178 673 1261 699 non
1281 659 1329 699 fit
1354 658 1492 700 remis-

99 730 183 778 sio;
217 738 259 772 et
278 745 353 786 per
373 723 634 785 consequens*
646 744 782 784 neque
802 728 1045 769 sacrificium
1065 727 1338 784 propitiabile.

156 813 197 839 v,
220 799 274 838 In
295 797 428 838 Missa
447 811 530 837 non
551 804 612 837 est
634 795 790 837 Christi
810 795 946 852 passio
969 795 1011 836 in
1032 795 1219 846 veritate,
1240 795 1313 836 sed
1342 795 1383 836 in
1414 795 1494 852 sig-

100 866 293 907 nificante
312 865 524 922 mysterio,
547 864 671 905 etiam
691 864 764 905 ubi
786 865 917 905 Coena
938 863 1158 905 Dominica
1177 863 1358 919 legitime
1378 879 1494 920 pera-

99 934 239 991 gitur;
277 933 352 975 sed
380 933 454 975 ubi
476 932 666 974 Christus
696 947 779 973 non
808 940 870 973 est
899 947 1057 988 passuS‚
1077 931 1135 973 ibi
1164 947 1300 988 neque
1329 932 1371 973 in
1391 932 1493 973 veri-

101 1011 186 1044 tate
206 1011 268 1044 est
287 1001 467 1044 oblatus.
516 1000 595 1042 Ait
615 999 724 1041 enim
745 999 1002 1056 Apostolus:
1021 999 1041 1028 d
1072 999 1170 1040 Non
1190 1008 1238 1040 ut
1259 999 1409 1056 saepius
1435 1015 1494 1040 se-

101 1070 327 1127 metipsum
356 1069 516 1121 offerat,
537 1067 691 1124 alioqui
721 1067 971 1124 oportuisset
999 1067 1118 1108 illum
1148 1067 1298 1123 saepius
1327 1082 1493 1124 passum

101 1138 229 1180 fuisse
247 1153 275 1180 a
298 1136 466 1179 condito
494 1135 664 1177 mundo.
716 1135 805 1177 Ubi
825 1143 964 1176 autem
988 1135 1180 1177 Christus
1199 1150 1282 1176 non
1307 1134 1493 1184 offertur,

101 1206 160 1249 ibi
179 1222 263 1248 non
283 1214 344 1248 est
365 1205 609 1247 sacrificium
634 1203 921 1261 propitiabile;
959 1219 1059 1260 ergo
1087 1204 1131 1245 in
1162 1203 1295 1244 Missa
1323 1218 1404 1244 non
1435 1212 1495 1243 est

103 1274 346 1317 sacrificium
377 1273 664 1331 propitiabile;
699 1287 794 1314 nam
824 1272 1017 1314 Christus
1047 1271 1170 1313 semel
1200 1272 1278 1313 sub
1308 1286 1496 1313 consum-

102 1344 325 1386 mationem
347 1342 591 1384 saeculorum
615 1340 668 1382 ad
689 1340 1019 1398 profligationem
1040 1349 1301 1397 peccatorum
1322 1355 1396 1396 per
1423 1339 1494 1380 im-

103 1411 368 1454 molationem
404 1410 467 1452 sui
497 1409 626 1467 ipsius
656 1409 850 1466 apparuit
866 1426 878 1461 3
920 1418 961 1450 et
990 1417 1196 1465 quatenus
1225 1407 1330 1449 illud
1360 1416 1496 1448 manet

105 1495 246 1523 omnes
266 1479 467 1530 homines,
491 1488 540 1520 ut
571 1477 693 1519 semel
724 1477 970 1528 moriantur,
991 1489 1084 1533 post
1113 1477 1191 1518 hoc
1220 1487 1358 1517 autem
1383 1475 1496 1532 judi-

105 1548 242 1596 cium;
275 1548 334 1590 ita
353 1556 394 1589 et
416 1547 608 1589 Christus
629 1545 753 1587 semel
780 1545 944 1587 oblatus
974 1554 1048 1595 est,
1072 1554 1119 1586 ut
1148 1544 1375 1585 multorum
1405 1559 1497 1600 pec-

105 1626 198 1659 cata
217 1616 391 1666 tolleret,
413 1630 640 1671 rursusque
660 1614 816 1670 absque
844 1622 1012 1670 peccato
1039 1612 1312 1670 conspicietur
1340 1612 1401 1664 iis,
1423 1613 1495 1669 qui

107 1684 225 1726 illum
247 1692 467 1740 expectant
486 1683 529 1724 in
549 1682 735 1724 salutem.

165 1752 218 1792 vi.
241 1751 330 1794 Ubi
362 1761 423 1793 est
452 1750 587 1792 hostia
615 1765 711 1806 quae
742 1758 879 1805 potest
908 1748 1147 1790 accedentes
1177 1747 1380 1804 perfectos
1410 1748 1499 1789 red-

107 1820 219 1870 dere,
241 1819 298 1861 ibi
319 1819 504 1860 desinere
525 1818 679 1859 debent
699 1816 885 1858 homines
905 1816 1082 1873 amplius
1102 1816 1248 1857 offerre
1263 1816 1416 1857 hostias
1431 1831 1500 1857 ex-

107 1888 302 1946 piatorias
329 1897 370 1930 et
400 1886 706 1944 propitiatorias
722 1895 768 1937 e3
800 1886 872 1927 sed
903 1884 981 1926 sub
1012 1899 1120 1925 novo
1142 1885 1411 1927 Testamento
1440 1894 1500 1925 est

108 1957 231 1998 unica
248 1955 383 1997 hostia
396 1955 649 2012 jampridem
669 1954 821 2005 oblata,
844 1969 939 2010 quae
959 1961 1094 2010 potest
1109 1953 1312 2009 perfectos
1328 1952 1369 1994 in
1385 1962 1500 1994 aeter-

108 2040 210 2066 num
230 2024 403 2066 reddere
423 2023 686 2071 accedentem
719 2038 819 2078 ergo
839 2021 881 2062 in
902 2037 1010 2062 novo
1032 2022 1302 2062 Testamento
1316 2020 1499 2062 desinen-

109 2093 212 2135 dum
234 2102 295 2134 est
313 2093 366 2134 ab
394 2092 537 2133 hostiis
564 2090 801 2148 expiatoriis
831 2088 1059 2131 offerendis.
1124 2090 1175 2129 In
1206 2088 1382 2129 eundem
1413 2103 1501 2128 sen-

111 2177 203 2203 sum
224 2171 266 2204 et
285 2161 529 2203 sententiam
551 2160 729 2202 tendunt
749 2157 1074 2200 manifestissime
1090 2156 1179 2198 loca
1195 2156 1499 2212 Scripturarum

111 2245 208 2285 quae
229 2238 462 2286 sequuntur
479 2245 490 2277 3
526 2227 638 2270 unde
659 2235 701 2269 et
720 2225 1049 2268 manifestissima
1069 2233 1313 2281 argumenta
1335 2223 1500 2264 formari

111 2306 309 2354 possunt:
353 2296 567 2347 Videlicet,
601 2297 683 2337 Per
717 2309 842 2351 quam
874 2293 1128 2335 voluntatem
1161 2290 1316 2346 (inquit
1350 2292 1501 2346 Apost.

115 2366 227 2407 Heb.
251 2369 314 2421 x.)
348 2364 587 2406 sanctificati
618 2379 774 2413 sumus,
807 2377 881 2419 per
910 2360 1158 2402 oblationem
1188 2358 1367 2414 corporis
1397 2359 1426 2398 J
1430 2373 1501 2398 esu

115 2434 271 2476 Christi
291 2433 415 2475 semel
435 2441 656 2489 peractam.
703 2432 763 2472 Et
782 2430 947 2472 ibidem.
995 2428 1079 2469 Hic
1102 2442 1197 2468 vero
1218 2441 1301 2467 una
1320 2441 1395 2482 pro
1412 2442 1504 2482 pec-

113 2502 215 2545 catis
244 2501 383 2543 oblata
403 2501 584 2551 victima,
609 2509 812 2556 perpetuo
843 2498 957 2539 sedet
986 2496 1039 2536 ad
1069 2496 1279 2535 dexteram
1312 2494 1408 2544 Dei,
1433 2495 1501 2534 &c

116 2570 253 2613 Unica
272 2569 381 2611 enim
402 2567 608 2609 oblatione
639 2567 842 2623 perfectos
872 2565 1180 2620 imperpetuum
1209 2561 1306 2602 fecit
1335 2577 1403 2603 cos
1431 2562 1503 2617 qui

117 2637 435 2687 sanctificantur,
455 2650 529 2691 per
550 2633 814 2689 semetipsum
835 2632 944 2673 facta
964 2629 1210 2687 purgatione
1230 2637 1501 2685 peccatorum.

163 2794 175 2808 ⁶
192 2787 274 2819 Heb.
293 2788 337 2817 ix.
361 2797 409 2824 ιι,
434 2796 481 2817 η,
687 2784 699 2803 ·“
720 2783 802 2814 Heb.
820 2783 863 2812 ix.
883 2781 1020 2812 26-28.
1234 2787 1245 2799 ι·
1263 2780 1344 2810 Heb.
1364 2788 1394 2809 x.
1416 2786 1462 2814 14.
