1799 3077
311 120 392 162 166
699 122 925 164 JUELLI
958 122 1296 164 APOLOGIA.

306 234 546 290 ampliorem
579 234 777 276 tributam
807 251 906 287 esse,
928 251 1052 292 quam
1083 236 1250 292 reliquis
1277 234 1556 276 Patriarchis?
1589 235 1692 285 Quis

307 313 347 343 te
383 302 610 344 Dominum
651 304 790 344 Deum
826 319 926 354 esse,
956 313 1029 345 aut
1065 319 1145 345 non
1180 318 1335 360 purum
1369 302 1590 353 hominem,
1621 313 1695 344 aut

306 370 508 427 quiddam
528 380 862 427 coagmentatum
890 381 931 413 et
960 381 1196 413 concretum
1228 387 1279 412 ex
1311 372 1404 412 Deo
1433 380 1474 411 et
1502 369 1693 411 homine?

94 456 296 485 Antoniusde
309 439 411 489 Quis
432 449 472 479 te
492 454 623 479 unum
644 439 800 479 fontem
828 454 913 480 esse
943 439 1074 480 omnis
1098 439 1231 495 juris?
1274 439 1377 489 Quis
1407 448 1447 480 te
1476 437 1695 494 imperium

94 499 234 529 Rosellis.

307 507 458 548 habere
479 506 520 547 in
539 506 852 563 purgatorium?
886 506 988 557 Quis
1019 515 1059 547 te
1088 522 1164 562 pro
1195 518 1267 547 tuo
1297 506 1466 547 arbitrio
1494 506 1696 562 imperare

307 591 426 632 posse
447 575 621 631 Angelis
642 574 747 615 Dei?
781 575 883 624 Quis
904 584 944 615 te
971 590 1056 615 esse
1082 575 1244 630 Regem
1275 575 1458 630 Regum,
1481 584 1522 615 et
1552 574 1697 615 Domi-

308 659 410 683 num
441 642 742 683 dominantium
776 657 960 698 unquam
992 641 1123 682 dixit?
1166 643 1393 682 Possumus
1424 641 1502 681 alia
1532 657 1698 697 quoque

310 711 452 751 eodem
473 710 610 760 modo,
632 725 683 750 ex
705 709 816 750 omni
838 725 1011 750 numero
1030 718 1217 750 veterum
1240 708 1543 765 Episcoporum
1561 718 1602 749 et
1619 710 1699 749 Pa-

311 787 437 817 trum.
486 777 589 828 Quis
608 792 796 833 unquam
817 792 926 817 unus
946 787 987 818 te
1003 776 1160 826 docuit,
1178 776 1243 817 vel
1259 776 1511 832 inspectante
1526 775 1697 832 populo,

313 845 487 885 Missam
508 845 712 901 privatam
733 844 880 894 dicere,
902 844 967 885 vel
997 844 1301 885 Eucharistiam
1332 859 1458 899 supra
1486 853 1612 899 caput
1641 852 1701 884 at-

312 912 469 964 tollere,
497 928 581 969 qua
610 912 652 953 in
682 928 726 953 re
756 912 888 953 omnis
918 927 1027 952 nunc
1057 912 1200 968 religio
1231 922 1303 952 tua
1332 911 1591 959 continetur3
1635 911 1698 951 vel

315 981 469 1032 Christi
490 990 741 1022 sacramenta
761 990 965 1031 truncare,
983 989 1023 1020 et
1043 989 1184 1020 contra
1200 980 1288 1035 ejus
1305 979 1555 1029 institutum,
1575 988 1701 1034 atque

313 1064 505 1104 expressa
524 1048 650 1089 verba
669 1048 797 1089 altera
816 1057 934 1104 parte
954 1047 1158 1103 populum
1174 1046 1396 1087 fraudare?
1430 1055 1562 1102 utque
1578 1046 1701 1087 semel

314 1116 435 1156 finem
456 1115 668 1166 faciamus,
691 1131 741 1156 ex
772 1115 963 1155 omnibus
995 1114 1205 1164 Patribus,
1228 1114 1321 1169 quis
1351 1129 1460 1154 unus
1490 1123 1530 1154 te
1561 1113 1702 1154 docuit

316 1183 471 1224 Christi
492 1183 748 1239 sanguinem,
767 1192 807 1223 et
834 1191 1068 1223 sanctorum
1096 1183 1338 1238 Martyrum
1367 1181 1512 1222 merita
1540 1181 1703 1237 dispen-

313 1267 417 1301 sare,
449 1261 490 1292 et
518 1250 797 1307 indulgentias
826 1259 933 1300 tuas,
966 1260 1090 1305 atque
1121 1249 1258 1291 omnia
1288 1249 1419 1305 spatia
1450 1249 1702 1305 Purgatorii,

315 1336 389 1360 ceu
411 1335 564 1360 merces
584 1319 625 1360 in
649 1320 740 1359 foro
760 1318 967 1359 vendere?
1011 1317 1127 1359 Soliti
1159 1327 1255 1358 sunt
1284 1317 1351 1358 isti
1382 1333 1489 1374 saepe
1519 1318 1704 1359 recondi-

316 1397 399 1428 tam
440 1387 649 1443 quandam
689 1386 917 1427 doctrinam
959 1401 1091 1436 suam,
1129 1394 1168 1426 et
1208 1385 1454 1441 multiplices
1488 1385 1703 1442 variasque

314 1456 506 1497 lectiones
536 1455 773 1511 praedicare.
834 1455 1055 1494 Proferant
1089 1469 1187 1509 ergo
1221 1469 1331 1494 nunc
1361 1453 1519 1509 aliquid
1551 1454 1582 1495 si
1612 1470 1705 1511 pos-

316 1533 413 1566 sunt
438 1533 486 1564 ut
515 1523 673 1579 aliquid
705 1522 847 1563 saltem
877 1522 1022 1577 legisse
1052 1538 1098 1562 ac
1129 1522 1229 1562 scire
1250 1521 1480 1562 videantur.
1543 1522 1705 1564 Clamaf-

316 1600 416 1632 runt
437 1606 544 1646 saepe
564 1589 725 1630 fortiter
742 1589 783 1629 in
805 1589 997 1629 omnibus
1016 1588 1193 1640 circulis,
1212 1604 1353 1629 omnes
1380 1598 1517 1644 partes
1545 1590 1706 1646 religio-

318 1660 380 1700 nis
401 1675 486 1700 suae
506 1658 697 1713 antiquas
717 1673 816 1707 esse,
839 1666 879 1698 et
900 1672 981 1698 non
1004 1666 1165 1698 tantum
1187 1656 1469 1709 multitudine,
1491 1657 1562 1698 sed
1581 1658 1702 1699 etiam

319 1741 516 1768 consensu
538 1735 578 1766 et
602 1725 908 1766 continuatione
935 1724 1118 1765 omnium
1150 1724 1379 1775 nationum,
1401 1736 1442 1766 et
1472 1734 1706 1781 temporum

319 1794 579 1851 approbatas.

377 1861 609 1902 Ostendant
629 1877 728 1917 ergo
754 1861 978 1917 aliquando
1002 1861 1291 1916 antiquitatem
1322 1860 1442 1901 istam
1473 1875 1615 1907 suam;
1647 1860 1708 1900 fa-

319 1930 442 1980 ciant,
464 1938 511 1970 ut
531 1938 757 1985 appareant
774 1928 865 1979 ista,
888 1944 982 1984 quae
1009 1938 1222 1984 tantopere
1249 1928 1475 1984 praedicant
1505 1944 1590 1969 esse
1620 1937 1705 1968 tam

321 1997 401 2038 late
439 2006 681 2053 propagata.
740 1997 928 2037 Doceant
968 2012 1108 2037 omnes
1146 1996 1331 2037 nationes
1371 1996 1625 2037 Christianas
1664 1995 1706 2036 in

322 2080 436 2105 suam
457 2065 575 2105 istam
591 2064 831 2120 religionem
846 2064 1086 2105 concessisse
1103 2081 1112 2104 ε
1148 2064 1229 2105 Sed
1244 2064 1428 2120 fugiunt,
1447 2074 1493 2105 ut
1508 2065 1596 2120 jam
1614 2072 1709 2104 ante

322 2132 516 2183 diximus,
538 2147 563 2172 a
583 2131 755 2172 decretis
775 2131 852 2187 ipsi
873 2131 980 2178 suis;
1014 2147 1144 2187 eaque
1164 2147 1259 2187 quae
1279 2142 1374 2172 ante
1394 2132 1452 2172 ita
1467 2147 1620 2188 paucos
1637 2146 1708 2172 an-

324 2215 396 2241 nos
416 2200 468 2240 ab
488 2199 586 2255 ipsis
606 2199 648 2239 in
668 2214 831 2239 omnem
852 2199 1121 2240 aeternitatem
1145 2199 1298 2240 sancita
1325 2209 1456 2251 erant,
1479 2208 1562 2240 tam
1592 2197 1708 2239 brevi

325 2279 508 2324 tempore
529 2267 792 2308 resciderunt.
858 2267 969 2317 Quid
990 2282 1088 2322 ergo
1116 2266 1194 2307 illis
1223 2267 1438 2308 fidendum
1469 2276 1529 2308 est
1558 2267 1599 2307 in
1631 2268 1710 2307 Pa-

325 2336 471 2386 tribus,
494 2335 535 2375 in
556 2334 764 2376 veteribus
783 2328 988 2385 conciliis,
1009 2334 1051 2375 in
1071 2334 1206 2375 verbis
1226 2334 1338 2375 Dei?
1370 2336 1468 2375 Non
1492 2334 1660 2384 habent,
1683 2349 1708 2373 ο

325 2404 442 2443 Deus
461 2402 582 2451 bone,
604 2416 685 2442 non
706 2401 860 2442 habent
881 2417 942 2452 ea,
965 2417 1059 2457 quae
1088 2417 1129 2442 se
1156 2401 1307 2441 habere
1333 2401 1591 2457 gloriantur;
1628 2415 1710 2441 non

325 2469 626 2525 antiquitatem,
654 2483 737 2509 non
766 2468 1127 2518 universalitatem,
1157 2484 1239 2509 non
1269 2468 1467 2520 locorum,
1497 2484 1580 2510 non
1610 2477 1711 2509 tem-

326 2551 474 2591 porum
495 2536 679 2577 omnium
706 2551 960 2577 consensum.
1023 2536 1160 2591 quue
1190 2536 1281 2592 ipsi,
1304 2537 1378 2577 etsi
1408 2536 1708 2577 dissimulatum

327 2603 464 2659 potius
484 2613 695 2659 cuperent,
714 2613 851 2644 tamen
875 2619 956 2645 non
986 2604 1206 2660 ignorant,
1237 2604 1320 2644 imo
1350 2604 1471 2645 etiam
1502 2603 1710 2644 interdum

329 2686 409 2711 non
440 2671 611 2711 obscure
641 2672 902 2712 confitentur.
964 2674 1114 2727 Itaque
1142 2681 1326 2713 veterum
1360 2671 1638 2713 Conciliorum
1669 2680 1711 2712 et

331 2739 502 2779 Patrium
526 2738 750 2779 sanctiones
770 2739 885 2780 aiunt
906 2740 1106 2794 ejusmodi
1128 2755 1227 2790 esse,
1250 2749 1297 2780 ut
1322 2739 1530 2780 interdum
1560 2739 1710 2780 mutari
