1799 3077
272 108 356 147 322
599 109 833 150 NOELLI
868 110 1334 150 CATECHISMUS.

273 232 398 276 atque
420 230 719 269 sustentemur;
755 224 974 279 utrobique
995 224 1034 264 in
1060 238 1186 264 unum
1209 237 1303 263 cum
1326 222 1492 263 Christo
1513 237 1662 278 corpus

276 289 559 338 coalescentes.

335 360 399 399 M.
431 357 567 399 Aliter
587 373 685 414 ergo
706 359 827 399 etiam
849 374 975 415 quam
996 374 1070 415 per
1090 359 1216 400 solam
1239 360 1412 400 Coenam
1438 373 1523 399 sese
1544 358 1661 398 nobis
1708 398 1711 400 .

278 427 468 468 Christus
484 426 664 476 exhibet,
680 427 986 483 arctissimaque
999 443 1072 468 nos
1088 427 1376 483 conjunctione
1391 425 1467 467 sibi
1483 425 1661 482 copulat.

337 497 391 536 A.
425 495 615 536 Christus
636 505 724 536 tum
747 511 788 535 se
809 496 925 537 nobis
945 496 1161 536 authorem
1192 494 1333 536 salutis
1359 495 1402 535 in
1432 493 1574 550 primis
1594 509 1663 534 ex-

278 564 427 614 hibuit,
450 579 581 619 quum
612 564 733 604 morti
755 573 773 601 y
789 580 872 605 sese
902 579 979 620 pro
1012 563 1129 605 nobis
1149 564 1313 619 objecit,
1335 579 1386 604 ne
1416 579 1489 604 nos
1519 562 1664 603 merita

279 642 408 673 morte
428 633 664 688 periremus.
728 634 808 673 Per
830 642 846 660 z
862 632 1138 689 Evangelium
1160 631 1258 673 item
1280 647 1364 672 sese
1384 631 1576 672 fidelibus
1595 646 1664 671 ex-

279 701 405 750 hibet,
437 710 477 741 et
506 700 612 741 clare
641 701 773 751 docet,
807 718 847 742 se
883 717 1030 757 panem
1066 717 1150 742 esse
1183 700 1299 741 illum
1332 700 1488 750 vivum,
1509 699 1581 756 qui
1612 699 1664 739 de

279 769 382 810 coelo
408 769 460 809 ad
491 769 730 810 nutriendas
763 770 837 811 sibi
869 770 1083 811 fidentium
1117 769 1272 810 animas
1298 768 1519 821 descendit.
1582 767 1664 809 Sed

280 847 321 877 ct
340 837 412 877 ain
435 837 662 894 Baptismo,
686 848 732 879 ut
759 848 852 880 ante
883 848 941 879 est
973 838 1238 895 explicatum,
1262 837 1452 880 Christus
1480 853 1521 878 se
1547 836 1664 878 nobis

281 905 499 947 efficienter
519 906 722 955 exhibuit,
739 908 852 962 quod
872 922 945 948 nos
966 916 1066 948 tunc
1089 906 1342 948 Christianos
1362 906 1549 948 effecerit.

341 975 403 1014 M.
448 975 595 1030 Neque
630 975 765 1016 minus
799 986 911 1016 arcta
941 974 1238 1031 conjunctionis
1267 974 1431 1016 vincula
1460 974 1501 1014 in
1534 975 1663 1015 Coena

283 1060 367 1085 0550
388 1044 518 1084 dicis?

341 1116 395 1154 A.
430 1115 481 1154 In
502 1114 631 1154 Coena
658 1129 754 1153 vero
786 1113 1002 1155 Dominica
1032 1124 1073 1155 et
1103 1113 1184 1164 illa,
1207 1129 1332 1170 quam
1363 1112 1464 1162 dixi,
1486 1125 1666 1153 commu-

282 1182 431 1223 nicatio
461 1182 578 1223 nobis
608 1183 874 1223 confirmatur
894 1181 913 1210 b
928 1192 968 1223 et
987 1193 1178 1238 augetur,
1201 1182 1337 1233 etiam,
1360 1181 1461 1222 dum
1492 1179 1667 1236 quisque

282 1266 370 1291 eam
391 1251 441 1291 ad
466 1266 506 1291 se
529 1250 746 1306 pertinere,
770 1260 809 1290 et.
831 1250 1025 1306 peculiari
1045 1250 1225 1306 quadam
1256 1250 1411 1291 ratione
1433 1248 1508 1289 sibi
1531 1246 1667 1288 Chris-

283 1329 371 1360 tum
412 1318 610 1368 exhiberi,
643 1328 689 1358 ut
728 1334 776 1359 eo
811 1334 934 1374 quam
976 1318 1221 1375 plenissime,
1254 1316 1667 1374 conjunctissimeque

282 1387 534 1442 perfruatur,
559 1396 647 1427 tum
672 1386 816 1436 verbis,
840 1397 927 1427 tum
957 1387 1160 1444 mysteriis
1179 1386 1328 1427 divinis
1347 1386 1494 1427 certior
1514 1385 1585 1432 fit;
1620 1392 1667 1424 ut

283 1471 365 1496 non
396 1456 541 1496 animae
573 1452 703 1496 solum
735 1465 899 1505 nostrae,
930 1456 1050 1511 Cejus
1081 1471 1194 1497 sacro
1223 1470 1393 1511 corpore
1422 1464 1548 1510 atque
1579 1468 1668 1494 san-

283 1524 409 1581 guine
444 1534 641 1580 tanquam
677 1524 845 1580 proprio
880 1539 954 1565 suo
989 1523 1183 1566 alimento
1216 1523 1477 1571 nutriantur,
1524 1521 1594 1563 sed
1628 1530 1669 1562 et

283 1593 524 1649 corporibus
543 1592 666 1633 etiam
696 1592 858 1643 nostris,
882 1592 996 1648 quod
1028 1592 1124 1633 vitae
1155 1602 1319 1634 aeternae
1349 1590 1544 1648 symbolis
1563 1604 1671 1631 com-

284 1662 507 1711 municent,
530 1661 646 1716 quasi
677 1661 774 1702 dato
803 1661 990 1717 pignore,
1020 1660 1324 1702 resurrectionis
1353 1670 1478 1716 atque
1506 1659 1671 1700 immor-

285 1730 452 1771 talitatis
472 1740 582 1771 certa
612 1746 703 1786 spes
722 1730 1010 1777 confirmetur,
1044 1746 1129 1785 quo
1150 1729 1314 1770 tandem
1339 1728 1505 1770 Christo
1524 1727 1543 1756 d
1557 1727 1672 1768 habi-

285 1809 397 1840 tante
417 1799 459 1839 in
480 1799 611 1849 nobis,
633 1809 674 1840 et
694 1799 810 1839 nobis
831 1798 1005 1839 vicissim
1033 1799 1075 1839 in
1098 1798 1264 1839 Christo
1293 1797 1568 1847 manentibus,
1588 1810 1670 1837 non

285 1868 408 1909 modo
431 1868 554 1909 vitam
575 1876 784 1917 aeternam,
803 1867 870 1907 sed
894 1876 934 1908 et
954 1867 1141 1923 gloriam,
1158 1882 1282 1922 quam
1304 1866 1381 1922 ipsi
1398 1865 1514 1906 dedit
1530 1866 1668 1914 Pater,

286 1952 358 1977 nos
383 1936 504 1977 etiam
536 1951 609 1991 per
631 1935 844 1977 Christum
875 1935 917 1975 in
949 1935 1065 1976 nobis
1095 1944 1327 1975 manentem
1357 1947 1666 1988 consequamur.

287 2006 457 2046 Summa
486 2004 554 2045 illa
585 2004 660 2051 sit,
696 2004 813 2045 sicuti
839 2019 920 2044 non
942 2018 1116 2044 crassam
1137 2002 1316 2058 aliquam
1338 2000 1669 2057 conjunctionem

285 2073 500 2129 imaginor,
522 2073 579 2114 ita
604 2088 793 2113 arcanam
815 2082 856 2113 et
881 2072 1091 2112 mirificam
1113 2070 1223 2111 illam
1246 2070 1426 2126 corporis
1448 2068 1602 2111 Christi
1629 2068 1670 2108 in

288 2143 417 2183 Coena
448 2140 857 2182 communicationem
891 2140 1171 2189 arctissimam,
1205 2138 1484 2188 certissimam,
1516 2136 1672 2177 verissi-

286 2226 409 2260 mam,
431 2221 471 2251 et
491 2209 612 2266 plane
634 2225 833 2250 summam
857 2225 942 2250 esse
962 2219 1110 2250 statuo.

346 2280 407 2319 M.
442 2280 510 2319 Ex
537 2278 586 2318 iis
607 2294 701 2334 quae
727 2279 812 2333 jam
835 2278 886 2319 de
920 2279 1049 2319 Coena
1083 2277 1301 2318 Dominica
1331 2275 1671 2325 commemorasti,

288 2348 428 2388 videor
456 2347 555 2387 mihi
586 2346 791 2403 colligere,
826 2362 914 2387 eam
951 2361 1032 2386 non
1066 2346 1108 2385 in
1139 2345 1251 2385 hunc
1284 2345 1405 2385 finem
1441 2343 1672 2384 institutam

289 2432 387 2464 esse,
411 2427 457 2456 ut
478 2416 631 2457 Christi
657 2431 806 2472 corpus
828 2416 919 2456 Deo
942 2415 1054 2456 Patri
1076 2429 1152 2470 pro
1174 2413 1348 2470 peccatis
1368 2412 1409 2453 in
1432 2411 1671 2453 sacrificium

290 2484 495 2523 offeratur.

332 2564 345 2582 y
365 2559 457 2588 Rom.
477 2559 517 2588 iv.
536 2568 585 2597 25.
610 2570 638 2588 v.
658 2559 688 2588 8.
718 2569 727 2588 ι
750 2561 823 2589 (lor.
842 2570 893 2589 XV.
909 2569 939 2597 3.
966 2569 981 2589 2
1001 2560 1075 2590 Cor.
1092 2569 1122 2588 v.
1142 2567 1193 2595 14,
1215 2565 1265 2597 15,
1284 2565 1334 2586 21.
1481 2562 1492 2574 Ζ
1509 2555 1592 2585 Mar.
1611 2554 1689 2583 xvi..

294 2620 343 2650 ¹5,
365 2612 413 2642 16.
452 2613 545 2642 Joan.
564 2613 605 2642 vi.
629 2622 684 2652 35,
709 2621 763 2652 47,
787 2613 840 2650 48,
864 2613 916 2653 58.
956 2613 1048 2643 Rom.
1066 2613 1086 2643 ἱ.
1108 2612 1155 2643 16.
1199 2622 1210 2642 1
1231 2612 1305 2642 Cor.
1322 2621 1373 2640 xv.
1395 2619 1420 2639 1.
1461 2618 1476 2638 2
1494 2608 1567 2638 Cor.
1584 2607 1624 2637 iv.
1641 2616 1671 2644 4.

288 2663 301 2677 ²
321 2666 403 2695 Mar.
420 2666 483 2694 xvi.
502 2666 548 2695 16.
573 2667 666 2697 Rom.
685 2668 726 2696 vi.
751 2677 783 2705 3,
804 2668 861 2697 &tu
891 2677 901 2697 1
924 2668 997 2698 Cor.
1015 2667 1069 2696 xii.
1090 2676 1137 2705 13.
1161 2666 1232 2696 Gal.
1248 2665 1294 2695 iii.
1311 2663 1363 2700 26,
1381 2670 1429 2703 27.
1561 2659 1575 2679 ¹¹
1592 2661 1673 2691 Mat.

290 2719 376 2750 xxvi.
397 2719 445 2749 26.
475 2729 485 2748 ῐ
508 2721 579 2749 (flor.
597 2731 627 2749 x.
646 2720 692 2750 16.
722 2732 731 2751 1
755 2722 827 2751 Cor.
846 2723 886 2751 xi.
906 2731 955 2759 24.
1195 2727 1207 2739 ²·
1223 2720 1317 2749 Joan.
1335 2718 1375 2748 vi.
1396 2727 1450 2756 51,
1469 2723 1520 2755 53,
1540 2722 1592 2754 54,
1614 2715 1673 2746 &tn

289 2774 303 2792 d
318 2774 413 2803 donn.
432 2773 469 2803 vi.
486 2781 537 2811 54,
556 2772 608 2811 56,
628 2783 678 2812 57,
706 2774 780 2804 xvii*
802 2784 850 2804 22.
