1799 3077
457 154 693 196 NOELLI
728 153 1192 194 CATECHISMUS.
1436 156 1519 198 275

130 268 357 309 admodum
388 276 514 324 atque
544 265 836 309 convenientia.
900 268 1007 307 Haec
1037 266 1144 306 enim
1175 280 1271 322 pars
1300 280 1404 316 eam,
1425 282 1520 322 quae

131 345 192 377 est
226 337 332 377 inter
364 335 560 377 Ecclesiae
592 335 790 384 membra,
823 335 912 390 conj
921 334 1152 375 unctionem
1190 333 1519 389 societatemque,

131 419 216 459 qua
235 403 349 444 nulla
368 403 536 459 propior
556 418 641 443 esse
661 411 811 458 potest,
829 401 977 442 clarius
999 401 1136 442 adhuc
1157 400 1364 457 exprimit.
1411 403 1520 442 Nam

131 486 263 526 quum
285 472 402 511 Deus
421 485 494 525 per
515 469 725 510 universas
746 478 948 510 terrarum
976 468 1161 525 regiones
1191 477 1317 524 atque
1347 483 1453 519 oras,
1475 480 1523 509 ut

132 548 173 579 et
193 554 266 594 per
286 553 426 579 omnes
447 546 588 578 aetates
609 546 735 592 atque
756 536 917 587 saecula,
936 537 1100 587 habeat,
1117 536 1191 592 qui
1212 551 1253 577 se
1273 551 1377 592 pure
1397 545 1523 577 caste-

132 622 215 662 que
235 615 502 653 venerentur;
526 605 570 646 hi
591 614 775 655 aomneS,
793 604 886 645 licet
906 604 1090 654 diversis,
1109 612 1149 644 et
1169 603 1407 659 longinquis
1423 612 1524 644 tem-

132 674 317 731 poribus,
340 683 465 729 atque
495 673 592 713 locis.
624 672 798 728 separati
820 672 899 713 sint
919 683 1045 728 atque
1065 671 1262 721 distracti,
1285 672 1523 727 ubicunque

132 743 334 799 gentium,
372 742 610 796 ubicunque
646 742 848 781 terrarum
885 741 1053 791 fuerint,
1086 740 1209 781 unius
1244 749 1380 781 tamen
1413 749 1522 790 sunt,

134 811 403 867 ejusdemque
429 809 624 864 corporis,
647 808 767 864 cujus
796 818 922 864 caput
944 809 1134 849 Christus
1165 817 1238 859 est,
1262 808 1447 849 membra
1466 808 1526 849 in-

135 887 197 919 ter
218 893 259 918 se
282 892 408 933 quam
428 875 606 916 maxime
627 890 812 916 connexa
831 884 957 931 atque
977 875 1234 916 cohaerentia.
1283 877 1349 916 Ea
1369 885 1430 918 est
1450 876 1527 932 piis

135 945 371 986 hominibus
401 953 441 985 et
473 958 566 984 cum
588 943 695 992 Deo,
718 951 758 983 et
788 942 894 983 inter
926 958 967 983 se
999 943 1286 984 communitas.
1348 944 1527 999 Spiritus

135 1013 293 1064 benim,
327 1012 461 1062 Fidei,
490 1013 864 1060 Sacramentorum,
896 1026 1081 1066 precum,
1113 1010 1359 1052 remissionis
1388 1027 1528 1068 pecca-

139 1089 292 1131 torum,
311 1089 351 1120 et
371 1088 536 1120 aeternae
556 1077 792 1126 foelicitatis,
810 1077 1079 1133 omniumque
1097 1077 1200 1118 adeo
1219 1077 1526 1130 beneficiorum,

139 1164 235 1205 quae
271 1149 387 1188 Deus
423 1145 620 1187 Ecclesiae
658 1161 731 1201 per
765 1145 979 1186 Christum
1015 1145 1204 1201 largitur,
1236 1147 1529 1188 communitate

141 1226 238 1258 sunt
266 1216 373 1256 inter
409 1230 449 1255 se
484 1212 815 1269 conjunctissimi.
878 1213 989 1263 Quin
1025 1222 1065 1254 et
1100 1213 1342 1264 concordiae,
1374 1222 1391 1242 c
1405 1224 1531 1270 atque

141 1285 289 1326 amoris
309 1284 416 1325 inter
436 1298 477 1323 se
497 1281 670 1323 vinculis
691 1281 924 1322 arctissimis
944 1281 1002 1322 ita
1022 1290 1118 1322 sunt
1136 1281 1304 1332 astricti,
1322 1280 1379 1322 ita
1400 1297 1532 1323 unum

141 1361 201 1393 est
222 1352 413 1393 omnibus
432 1350 706 1407 propositum,
724 1358 773 1390 ut
794 1350 935 1390 eadem
958 1349 1009 1390 sit
1029 1349 1184 1390 utilitas
1204 1349 1532 1406 uniuscujusque

142 1430 183 1461 et
203 1420 514 1466 universorum,
549 1427 589 1458 et
616 1417 657 1458 in
678 1417 721 1458 id
743 1417 920 1457 maxime
941 1417 1125 1458 studium
1153 1417 1408 1467 incumbant,
1431 1433 1533 1473 quo-

143 1488 267 1529 modo
288 1487 492 1528 beneficiis
512 1486 623 1527 ultro
643 1486 828 1540 citroque
846 1484 966 1535 datis,
984 1494 1109 1540 atque
1130 1485 1321 1541 acceptiS,
1340 1501 1424 1526 sese
1444 1501 1535 1526 mu-

145 1566 219 1597 tuo
239 1571 334 1597 cum
355 1555 407 1596 ad
428 1554 507 1595 alia
526 1553 676 1603 omnia,
693 1562 781 1594 tum
803 1553 1012 1609 praecipue
1031 1553 1084 1593 ad
1105 1553 1266 1594 beatam
1289 1553 1397 1594 illam
1420 1562 1537 1595 aeter-

146 1639 325 1680 namque
345 1623 487 1673 vitam,
509 1621 676 1663 consilio
706 1631 831 1677 atque
861 1620 1015 1661 auxilio
1038 1621 1200 1677 juvent.
1263 1622 1417 1662 Verum
1439 1621 1538 1677 quia

146 1692 235 1733 haec
256 1701 489 1732 sanctorum
506 1689 741 1731 communio
755 1704 890 1745 neque
910 1688 1094 1729 sensibus
1109 1689 1271 1739 nostris,
1288 1705 1422 1745 neque
1441 1689 1539 1730 dna-

148 1759 271 1800 turali
292 1768 417 1815 atque
437 1758 559 1799 insita
587 1757 629 1798 in
649 1757 767 1798 nobis
787 1756 967 1807 notione,
989 1765 1063 1797 aut
1092 1756 1373 1813 intelligentiae
1400 1757 1441 1798 vi
1468 1757 1540 1798 ali-

148 1843 246 1883 qua,
270 1837 316 1868 ut
344 1826 433 1868 aliae
459 1825 596 1867 civiles
626 1824 954 1873 communitates,
984 1824 1278 1880 societatesque
1307 1824 1538 1875 hominum,

149 1894 425 1951 percipiatur;
458 1893 604 1934 merito
634 1892 740 1933 inter
770 1908 831 1944 ea,
854 1908 949 1948 quae
979 1892 1220 1943 creduntur,
1243 1892 1321 1934 hoc
1350 1892 1439 1934 loco
1469 1909 1541 1949 po-

152 1972 228 2004 51ta
248 1972 318 2003 est.

210 2032 274 2071 M.
308 2029 452 2071 Brevis
481 2030 571 2070 haec
602 2027 789 2069 tractatio
816 2026 868 2067 de
889 2026 1088 2077 Ecclesia,
1111 2026 1398 2083 collocatisque
1427 2026 1542 2083 apud

153 2113 242 2139 eam
264 2098 345 2139 Dei
374 2114 449 2154 per
470 2097 684 2139 Christum
714 2095 935 2145 beneficiis,
957 2095 1221 2136 vehementer
1250 2095 1351 2136 mihi
1381 2095 1539 2151 placet3

154 2166 296 2207 eadem
318 2166 425 2206 enim
441 2165 659 2207 clarissime
679 2164 720 2204 in
745 2163 877 2204 Sacris
901 2163 1122 2218 Scripturis
1138 2163 1352 2204 docentur.
1387 2164 1544 2204 Verum

156 2243 343 2291 potestne
359 2234 545 2275 Ecclesia
564 2233 681 2274 aliter
697 2231 900 2287 cognosci,
922 2246 1045 2286 quam
1064 2246 1194 2287 quum
1217 2231 1322 2272 Fide
1337 2230 1542 2272 creditur?

215 2303 270 2342 A.
316 2302 401 2342 Hic
433 2301 601 2357 quidem
640 2300 682 2340 in
721 2298 919 2355 Symbolo
954 2299 1118 2354 proprie
1150 2299 1288 2354 agitur
1320 2299 1371 2339 de
1401 2313 1545 2340 eorum

158 2369 487 2426 congregatione,
521 2383 625 2424 quos
656 2369 773 2408 Deus
802 2381 950 2407 arcana
969 2375 985 2394 e
1002 2366 1197 2407 electione
1226 2382 1301 2422 per
1332 2366 1545 2407 Christum

159 2437 235 2478 sibi
267 2436 504 2493 adoptavit,
549 2451 644 2491 quae
680 2434 865 2476 Ecclesia
899 2449 973 2474 nec
1008 2433 1136 2475 oculis
1169 2434 1292 2484 cerni,
1327 2449 1461 2490 neque
1494 2450 1546 2476 ex

205 2581 218 2595 ²¹
245 2585 257 2606 1
279 2575 352 2606 Cor.
368 2575 424 2604 xii.
446 2583 497 2611 12,
518 2582 569 2611 13,
588 2574 647 2604 &c.
664 2582 717 2609 20,
740 2571 790 2604 26.
826 2572 941 2611 Ephes.
964 2572 1007 2601 iv.
1030 2578 1079 2611 15,
1102 2570 1150 2602 16.
1181 2581 1210 2601 v.
1233 2582 1286 2611 30.
1325 2572 1431 2603 Colos.
1454 2572 1475 2603 i.
1499 2572 1548 2603 18.

161 2630 195 2660 ii.
216 2638 265 2669 ¹9·
396 2627 411 2648 ¹²
435 2628 550 2667 Ephes.
567 2628 609 2657 iv.
625 2636 658 2665 3,
675 2635 707 2663 4,
730 2634 761 2665 5,
782 2626 840 2655 &c-
860 2632 911 2664 15,
934 2623 982 2654 16.
1006 2625 1113 2655 Colos.
1131 2625 1165 2654 ii.
1185 2634 1233 2665 19.
1362 2632 1374 2645 ‘³
1394 2627 1475 2657 Mat.
1493 2626 1549 2657 vii.

166 2693 215 2714 12.
237 2683 303 2713 xix.
323 2691 371 2720 14.
395 2682 472 2712 xxii.
487 2691 540 2721 39.
574 2681 668 2711 Rom.
686 2680 742 2710 xii.
758 2687 788 2719 5.
817 2689 827 2709 ι
849 2679 923 2709 Cor.
938 2689 970 2708 x.
988 2686 1038 2716 24.
1062 2678 1130 2709 xiii.
1149 2687 1179 2720 5.
1204 2689 1221 2710 2
1239 2679 1312 2710 Cor.
1331 2680 1372 2709 xi.
1392 2680 1440 2710 28.
1475 2680 1548 2710 Gal.

164 2737 206 2767 vi.
221 2745 249 2767 2.
273 2737 352 2767 Phil.
367 2736 402 2767 ii.
424 2746 452 2773 1,
468 2744 499 2772 z,
515 2745 548 2774 3,
562 2743 594 2772 4,
612 2742 642 2774 5.
786 2732 798 2752 ¹¹
826 2742 838 2763 1
860 2733 934 2763 Cor.
950 2733 983 2762 ii.
1002 2741 1052 2770 14,
1070 2742 1117 2771 15.
1260 2739 1272 2753 ²
1295 2732 1389 2764 Rom.
1406 2734 1474 2765 viii.
1494 2743 1546 2774 29,

165 2798 220 2828 30,
236 2799 287 2828 33.
314 2790 427 2829 Ephes.
445 2789 466 2819 i.
481 2798 514 2826 4,
533 2796 564 2826 ς,
582 2798 629 2817 11.
654 2787 760 2817 Colos.
778 2786 825 2816 iii.
843 2795 891 2816 12.

822 2842 896 2879 ΤΞ
