<?xml version="1.0" encoding="UTF-8"?>
<!DOCTYPE html PUBLIC "-//W3C//DTD XHTML 1.0 Transitional//EN"
    "http://www.w3.org/TR/xhtml1/DTD/xhtml1-transitional.dtd">
<html xmlns="http://www.w3.org/1999/xhtml" xml:lang="en" lang="en">
 <head>
  <title>
</title>
<meta http-equiv="Content-Type" content="text/html;charset=utf-8" />
  <meta name='ocr-system' content='tesseract 3.04.00' />
  <meta name='ocr-capabilities' content='ocr_page ocr_carea ocr_par ocr_line ocrx_word'/>
</head>
<body>
  <div class='ocr_page' id='page_1' title='image "./enchiridiontheol01rand_0316.png"; bbox 0 0 1799 3077; ppageno 0'>
   <div class='ocr_carea' id='block_1_1' title="bbox 272 121 1337 166">
    <p class='ocr_par' dir='ltr' id='par_1_1' title="bbox 272 121 1337 166">
     <span class='ocr_line' id='line_1_1' title="bbox 272 121 1337 166; baseline 0.002 -4"><span class='ocrx_word' id='word_1_1' title='bbox 272 123 358 162; x_wconf 75' lang='lat'>302</span> <span class='ocrx_word' id='word_1_2' title='bbox 602 121 838 164; x_wconf 90' lang='lat' dir='ltr'>NOELLI</span> <span class='ocrx_word' id='word_1_3' title='bbox 873 122 1337 166; x_wconf 82' lang='lat' dir='ltr'><strong>CATECHISMUS.</strong></span> 
     </span>
    </p>
   </div>
   <div class='ocr_carea' id='block_1_2' title="bbox 272 235 1673 2306">
    <p class='ocr_par' dir='ltr' id='par_1_2' title="bbox 272 235 1660 345">
     <span class='ocr_line' id='line_1_2' title="bbox 328 235 1660 286; baseline 0.002 -10"><span class='ocrx_word' id='word_1_4' title='bbox 328 235 392 276; x_wconf 92' lang='lat' dir='ltr'>M.</span> <span class='ocrx_word' id='word_1_5' title='bbox 425 236 636 285; x_wconf 83' lang='lat' dir='ltr'>Quorsum</span> <span class='ocrx_word' id='word_1_6' title='bbox 665 235 798 286; x_wconf 86' lang='lat' dir='ltr'>addis,</span> <span class='ocrx_word' id='word_1_7' title='bbox 832 244 879 276; x_wconf 92' lang='lat' dir='ltr'>ut</span> <span class='ocrx_word' id='word_1_8' title='bbox 910 249 960 277; x_wconf 84' lang='lat' dir='ltr'>IN</span> <span class='ocrx_word' id='word_1_9' title='bbox 993 250 1147 277; x_wconf 82' lang='lat' dir='ltr'><strong>TERRA</strong></span> <span class='ocrx_word' id='word_1_10' title='bbox 1180 250 1288 277; x_wconf 85' lang='lat' dir='ltr'>FIAT</span> <span class='ocrx_word' id='word_1_11' title='bbox 1321 249 1488 278; x_wconf 84' lang='lat' dir='ltr'><strong>ITIDEM</strong></span> <span class='ocrx_word' id='word_1_12' title='bbox 1520 252 1576 278; x_wconf 82' lang='lat' dir='ltr'>Ac</span> <span class='ocrx_word' id='word_1_13' title='bbox 1610 251 1660 278; x_wconf 82' lang='lat' dir='ltr'>IN</span> 
     </span>
     <span class='ocr_line' id='line_1_3' title="bbox 272 302 738 345; baseline -0.004 0"><span class='ocrx_word' id='word_1_14' title='bbox 272 317 393 345; x_wconf 67' lang='grc' dir='ltr'>ωηο</span> <span class='ocrx_word' id='word_1_15' title='bbox 414 303 495 344; x_wconf 87' lang='lat' dir='ltr'>Dei</span> <span class='ocrx_word' id='word_1_16' title='bbox 516 302 738 343; x_wconf 85' lang='lat' dir='ltr'>voluntas?</span> 
     </span>
    </p>

    <p class='ocr_par' dir='ltr' id='par_1_3' title="bbox 272 369 1669 1301">
     <span class='ocr_line' id='line_1_4' title="bbox 327 369 1663 429; baseline 0.001 -17"><span class='ocrx_word' id='word_1_17' title='bbox 327 373 384 412; x_wconf 90' lang='lat' dir='ltr'>A.</span> <span class='ocrx_word' id='word_1_18' title='bbox 429 370 640 412; x_wconf 88' lang='lat' dir='ltr'>Nimirum</span> <span class='ocrx_word' id='word_1_19' title='bbox 673 379 721 410; x_wconf 88' lang='lat' dir='ltr'>ut</span> <span class='ocrx_word' id='word_1_20' title='bbox 750 369 804 410; x_wconf 86' lang='lat' dir='ltr'>ad</span> <span class='ocrx_word' id='word_1_21' title='bbox 839 370 1050 426; x_wconf 81' lang='lat' dir='ltr'>exemplar</span> <span class='ocrx_word' id='word_1_22' title='bbox 1080 371 1305 412; x_wconf 89' lang='lat' dir='ltr'>coelestium</span> <span class='ocrx_word' id='word_1_23' title='bbox 1341 371 1507 413; x_wconf 88' lang='lat' dir='ltr'>illorum</span> <span class='ocrx_word' id='word_1_24' title='bbox 1547 372 1663 429; x_wconf 87' lang='lat' dir='ltr'>spiri-</span> 
     </span>
     <span class='ocr_line' id='line_1_5' title="bbox 272 437 1663 496; baseline 0.001 -16"><span class='ocrx_word' id='word_1_25' title='bbox 272 448 408 489; x_wconf 84' lang='lat' dir='ltr'>tuum,</span> <span class='ocrx_word' id='word_1_26' title='bbox 431 454 536 495; x_wconf 89' lang='lat' dir='ltr'>quos</span> <span class='ocrx_word' id='word_1_27' title='bbox 555 437 776 494; x_wconf 84' lang='lat' dir='ltr'>bAngelos</span> <span class='ocrx_word' id='word_1_28' title='bbox 806 453 1014 489; x_wconf 89' lang='lat' dir='ltr'>vocamus,</span> <span class='ocrx_word' id='word_1_29' title='bbox 1036 438 1187 480; x_wconf 88' lang='lat' dir='ltr'>divinae</span> <span class='ocrx_word' id='word_1_30' title='bbox 1219 439 1434 496; x_wconf 83' lang='lat' dir='ltr'>Majestati</span> <span class='ocrx_word' id='word_1_31' title='bbox 1453 439 1564 481; x_wconf 87' lang='lat' dir='ltr'>dicto</span> <span class='ocrx_word' id='word_1_32' title='bbox 1590 455 1663 481; x_wconf 91' lang='lat' dir='ltr'>au-</span> 
     </span>
     <span class='ocr_line' id='line_1_6' title="bbox 273 504 1665 562; baseline 0 -15"><span class='ocrx_word' id='word_1_33' title='bbox 273 506 431 548; x_wconf 87' lang='lat' dir='ltr'>dientes</span> <span class='ocrx_word' id='word_1_34' title='bbox 460 515 586 561; x_wconf 91' lang='lat' dir='ltr'>atque</span> <span class='ocrx_word' id='word_1_35' title='bbox 615 504 853 546; x_wconf 83' lang='lat' dir='ltr'>obedientes</span> <span class='ocrx_word' id='word_1_36' title='bbox 882 519 957 559; x_wconf 92' lang='lat' dir='ltr'>per</span> <span class='ocrx_word' id='word_1_37' title='bbox 986 504 1123 545; x_wconf 88' lang='lat' dir='ltr'>onmia</span> <span class='ocrx_word' id='word_1_38' title='bbox 1152 504 1303 553; x_wconf 82' lang='lat' dir='ltr'>simus3</span> <span class='ocrx_word' id='word_1_39' title='bbox 1337 513 1378 546; x_wconf 84' lang='lat' dir='ltr'>et</span> <span class='ocrx_word' id='word_1_40' title='bbox 1397 505 1665 562; x_wconf 86' lang='lat' dir='ltr'>quemadmo-</span> 
     </span>
     <span class='ocr_line' id='line_1_7' title="bbox 273 571 1663 630; baseline -0.001 -14"><span class='ocrx_word' id='word_1_41' title='bbox 273 575 376 616; x_wconf 89' lang='lat' dir='ltr'>dum</span> <span class='ocrx_word' id='word_1_42' title='bbox 396 574 439 614; x_wconf 94' lang='lat' dir='ltr'>in</span> <span class='ocrx_word' id='word_1_43' title='bbox 458 573 562 614; x_wconf 88' lang='lat' dir='ltr'>coelo</span> <span class='ocrx_word' id='word_1_44' title='bbox 581 572 697 613; x_wconf 89' lang='lat' dir='ltr'>nulla</span> <span class='ocrx_word' id='word_1_45' title='bbox 715 582 776 613; x_wconf 91' lang='lat' dir='ltr'>est</span> <span class='ocrx_word' id='word_1_46' title='bbox 796 571 978 622; x_wconf 82' lang='lat' dir='ltr'>rebellio,</span> <span class='ocrx_word' id='word_1_47' title='bbox 1000 571 1060 613; x_wconf 87' lang='lat' dir='ltr'>ita</span> <span class='ocrx_word' id='word_1_48' title='bbox 1078 587 1213 628; x_wconf 90' lang='lat' dir='ltr'>neque</span> <span class='ocrx_word' id='word_1_49' title='bbox 1242 572 1285 613; x_wconf 89' lang='lat' dir='ltr'>in</span> <span class='ocrx_word' id='word_1_50' title='bbox 1315 582 1423 615; x_wconf 86' lang='lat' dir='ltr'>terra</span> <span class='ocrx_word' id='word_1_51' title='bbox 1443 574 1663 630; x_wconf 88' lang='lat' dir='ltr'>quisquam</span> 
     </span>
     <span class='ocr_line' id='line_1_8' title="bbox 274 641 1664 700; baseline -0.001 -15"><span class='ocrx_word' id='word_1_52' title='bbox 274 644 348 700; x_wconf 91' lang='lat' dir='ltr'>qui</span> <span class='ocrx_word' id='word_1_53' title='bbox 379 652 521 684; x_wconf 87' lang='lat' dir='ltr'>contra</span> <span class='ocrx_word' id='word_1_54' title='bbox 551 651 731 683; x_wconf 83' lang='lat' dir='ltr'>sanctam</span> <span class='ocrx_word' id='word_1_55' title='bbox 763 641 845 682; x_wconf 89' lang='lat' dir='ltr'>Dei</span> <span class='ocrx_word' id='word_1_56' title='bbox 865 641 1120 682; x_wconf 75' lang='lat' dir='ltr'>voluntatem</span> <span class='ocrx_word' id='word_1_57' title='bbox 1148 641 1333 682; x_wconf 79' lang='lat' dir='ltr'>resistere</span> <span class='ocrx_word' id='word_1_58' title='bbox 1363 652 1402 683; x_wconf 88' lang='lat' dir='ltr'>et</span> <span class='ocrx_word' id='word_1_59' title='bbox 1433 658 1664 699; x_wconf 84' lang='lat' dir='ltr'>repugnare</span> 
     </span>
     <span class='ocr_line' id='line_1_9' title="bbox 275 709 1665 767; baseline -0.001 -14"><span class='ocrx_word' id='word_1_60' title='bbox 275 720 349 753; x_wconf 85' lang='lat' dir='ltr'>aut</span> <span class='ocrx_word' id='word_1_61' title='bbox 383 711 495 761; x_wconf 87' lang='lat' dir='ltr'>velit,</span> <span class='ocrx_word' id='word_1_62' title='bbox 527 719 601 750; x_wconf 89' lang='lat' dir='ltr'>aut</span> <span class='ocrx_word' id='word_1_63' title='bbox 632 709 798 760; x_wconf 78' lang='lat' dir='ltr'>audeat,</span> <span class='ocrx_word' id='word_1_64' title='bbox 830 724 1007 765; x_wconf 85' lang='lat' dir='ltr'>usquam</span> <span class='ocrx_word' id='word_1_65' title='bbox 1038 709 1284 751; x_wconf 88' lang='lat' dir='ltr'>inveniatur.</span> <span class='ocrx_word' id='word_1_66' title='bbox 1347 710 1428 751; x_wconf 82' lang='lat' dir='ltr'>Sed</span> <span class='ocrx_word' id='word_1_67' title='bbox 1460 722 1501 751; x_wconf 89' lang='lat' dir='ltr'>et</span> <span class='ocrx_word' id='word_1_68' title='bbox 1533 727 1665 767; x_wconf 92' lang='lat' dir='ltr'>quum</span> 
     </span>
     <span class='ocr_line' id='line_1_10' title="bbox 274 777 1666 836; baseline 0 -16"><span class='ocrx_word' id='word_1_69' title='bbox 274 779 432 820; x_wconf 90' lang='lat' dir='ltr'>csolem</span> <span class='ocrx_word' id='word_1_70' title='bbox 452 793 500 819; x_wconf 90' lang='lat' dir='ltr'>ac</span> <span class='ocrx_word' id='word_1_71' title='bbox 519 777 675 828; x_wconf 85' lang='lat' dir='ltr'>lunam,</span> <span class='ocrx_word' id='word_1_72' title='bbox 698 777 961 833; x_wconf 85' lang='lat' dir='ltr'>reliquasque</span> <span class='ocrx_word' id='word_1_73' title='bbox 991 777 1126 818; x_wconf 90' lang='lat' dir='ltr'>stellas</span> <span class='ocrx_word' id='word_1_74' title='bbox 1155 777 1198 817; x_wconf 91' lang='lat' dir='ltr'>in</span> <span class='ocrx_word' id='word_1_75' title='bbox 1227 778 1331 819; x_wconf 85' lang='lat' dir='ltr'>coelo</span> <span class='ocrx_word' id='word_1_76' title='bbox 1360 779 1478 820; x_wconf 90' lang='lat' dir='ltr'>nobis</span> <span class='ocrx_word' id='word_1_77' title='bbox 1506 780 1666 836; x_wconf 88' lang='lat' dir='ltr'>conspi-</span> 
     </span>
     <span class='ocr_line' id='line_1_11' title="bbox 275 844 1666 901; baseline 0.001 -14"><span class='ocrx_word' id='word_1_78' title='bbox 275 862 387 897; x_wconf 86' lang='lat' dir='ltr'>cuas,</span> <span class='ocrx_word' id='word_1_79' title='bbox 409 845 574 887; x_wconf 90' lang='lat' dir='ltr'>assiduo</span> <span class='ocrx_word' id='word_1_80' title='bbox 594 855 710 887; x_wconf 90' lang='lat' dir='ltr'>motu</span> <span class='ocrx_word' id='word_1_81' title='bbox 731 855 772 886; x_wconf 90' lang='lat' dir='ltr'>et</span> <span class='ocrx_word' id='word_1_82' title='bbox 792 845 962 901; x_wconf 87' lang='lat' dir='ltr'>perenni</span> <span class='ocrx_word' id='word_1_83' title='bbox 988 844 1210 901; x_wconf 79' lang='lat' dir='ltr'>agitatione</span> <span class='ocrx_word' id='word_1_84' title='bbox 1230 846 1341 897; x_wconf 81' lang='lat' dir='ltr'>ferri,</span> <span class='ocrx_word' id='word_1_85' title='bbox 1364 855 1405 888; x_wconf 89' lang='lat' dir='ltr'>et</span> <span class='ocrx_word' id='word_1_86' title='bbox 1432 856 1583 888; x_wconf 89' lang='lat' dir='ltr'>terram</span> <span class='ocrx_word' id='word_1_87' title='bbox 1603 863 1666 889; x_wconf 89' lang='lat' dir='ltr'>ra-</span> 
     </span>
     <span class='ocr_line' id='line_1_12' title="bbox 276 913 1665 969; baseline 0.001 -14"><span class='ocrx_word' id='word_1_88' title='bbox 276 914 355 955; x_wconf 90' lang='lat' dir='ltr'>diis</span> <span class='ocrx_word' id='word_1_89' title='bbox 387 914 471 955; x_wconf 91' lang='lat' dir='ltr'>suis</span> <span class='ocrx_word' id='word_1_90' title='bbox 501 929 552 954; x_wconf 87' lang='lat' dir='ltr'>ex</span> <span class='ocrx_word' id='word_1_91' title='bbox 582 914 723 954; x_wconf 90' lang='lat' dir='ltr'>divina</span> <span class='ocrx_word' id='word_1_92' title='bbox 752 913 965 954; x_wconf 89' lang='lat' dir='ltr'>voluntate</span> <span class='ocrx_word' id='word_1_93' title='bbox 995 921 1198 969; x_wconf 87' lang='lat' dir='ltr'>perpetuo</span> <span class='ocrx_word' id='word_1_94' title='bbox 1229 913 1433 956; x_wconf 87' lang='lat' dir='ltr'>illustrare</span> <span class='ocrx_word' id='word_1_95' title='bbox 1466 915 1665 967; x_wconf 86' lang='lat' dir='ltr'>videmus,</span> 
     </span>
     <span class='ocr_line' id='line_1_13' title="bbox 276 981 1667 1039; baseline 0.001 -16"><span class='ocrx_word' id='word_1_96' title='bbox 276 982 522 1023; x_wconf 75' lang='lat' dir='ltr'>obedientiae</span> <span class='ocrx_word' id='word_1_97' title='bbox 537 981 773 1038; x_wconf 82' lang='lat' dir='ltr'>exemplum</span> <span class='ocrx_word' id='word_1_98' title='bbox 790 981 909 1022; x_wconf 91' lang='lat' dir='ltr'>nobis</span> <span class='ocrx_word' id='word_1_99' title='bbox 924 981 977 1022; x_wconf 89' lang='lat' dir='ltr'>ad</span> <span class='ocrx_word' id='word_1_100' title='bbox 993 981 1240 1022; x_wconf 90' lang='lat' dir='ltr'>imitandum</span> <span class='ocrx_word' id='word_1_101' title='bbox 1256 983 1515 1039; x_wconf 88' lang='lat' dir='ltr'>propositum</span> <span class='ocrx_word' id='word_1_102' title='bbox 1531 984 1667 1025; x_wconf 91' lang='lat' dir='ltr'>intue-</span> 
     </span>
     <span class='ocr_line' id='line_1_14' title="bbox 277 1048 1668 1105; baseline 0.001 -15"><span class='ocrx_word' id='word_1_103' title='bbox 277 1064 382 1090; x_wconf 88' lang='lat' dir='ltr'>mur.</span> <span class='ocrx_word' id='word_1_104' title='bbox 444 1051 652 1090; x_wconf 87' lang='lat' dir='ltr'>Praeterea</span> <span class='ocrx_word' id='word_1_105' title='bbox 672 1064 770 1090; x_wconf 89' lang='lat' dir='ltr'>vero</span> <span class='ocrx_word' id='word_1_106' title='bbox 789 1063 921 1104; x_wconf 91' lang='lat' dir='ltr'>quum</span> <span class='ocrx_word' id='word_1_107' title='bbox 946 1048 987 1089; x_wconf 92' lang='lat' dir='ltr'>in</span> <span class='ocrx_word' id='word_1_108' title='bbox 1011 1049 1144 1089; x_wconf 87' lang='lat' dir='ltr'>Sacris</span> <span class='ocrx_word' id='word_1_109' title='bbox 1168 1049 1392 1105; x_wconf 86' lang='lat' dir='ltr'>Scripturis</span> <span class='ocrx_word' id='word_1_110' title='bbox 1411 1050 1668 1092; x_wconf 85' lang='lat' dir='ltr'>voluntatem</span> 
     </span>
     <span class='ocr_line' id='line_1_15' title="bbox 277 1116 1669 1172; baseline 0.001 -14"><span class='ocrx_word' id='word_1_111' title='bbox 277 1132 395 1158; x_wconf 91' lang='lat' dir='ltr'>suam</span> <span class='ocrx_word' id='word_1_112' title='bbox 419 1116 572 1158; x_wconf 87' lang='lat' dir='ltr'>dDeus</span> <span class='ocrx_word' id='word_1_113' title='bbox 601 1116 751 1157; x_wconf 87' lang='lat' dir='ltr'>diserte</span> <span class='ocrx_word' id='word_1_114' title='bbox 781 1116 1040 1172; x_wconf 79' lang='lat' dir='ltr'>explicuerit,</span> <span class='ocrx_word' id='word_1_115' title='bbox 1061 1116 1104 1157; x_wconf 88' lang='lat' dir='ltr'>id</span> <span class='ocrx_word' id='word_1_116' title='bbox 1134 1117 1249 1172; x_wconf 90' lang='lat' dir='ltr'>quod</span> <span class='ocrx_word' id='word_1_117' title='bbox 1280 1118 1537 1159; x_wconf 84' lang='lat' dir='ltr'>Testamenti</span> <span class='ocrx_word' id='word_1_118' title='bbox 1567 1127 1669 1160; x_wconf 78' lang='lat' dir='ltr'>eno-</span> 
     </span>
     <span class='ocr_line' id='line_1_16' title="bbox 278 1184 1669 1242; baseline 0.001 -16"><span class='ocrx_word' id='word_1_119' title='bbox 278 1186 387 1227; x_wconf 90' lang='lat' dir='ltr'>mine</span> <span class='ocrx_word' id='word_1_120' title='bbox 406 1185 486 1226; x_wconf 85' lang='lat' dir='ltr'>illis</span> <span class='ocrx_word' id='word_1_121' title='bbox 504 1185 637 1226; x_wconf 91' lang='lat' dir='ltr'>indito</span> <span class='ocrx_word' id='word_1_122' title='bbox 657 1194 798 1241; x_wconf 87' lang='lat' dir='ltr'>aperte</span> <span class='ocrx_word' id='word_1_123' title='bbox 819 1184 1076 1241; x_wconf 82' lang='lat' dir='ltr'>significavit,</span> <span class='ocrx_word' id='word_1_124' title='bbox 1093 1185 1166 1241; x_wconf 90' lang='lat' dir='ltr'>qui</span> <span class='ocrx_word' id='word_1_125' title='bbox 1186 1185 1228 1225; x_wconf 93' lang='lat' dir='ltr'>in</span> <span class='ocrx_word' id='word_1_126' title='bbox 1252 1186 1560 1242; x_wconf 86' lang='lat' dir='ltr'>Scripturarum</span> <span class='ocrx_word' id='word_1_127' title='bbox 1581 1202 1669 1228; x_wconf 88' lang='lat' dir='ltr'>sen-</span> 
     </span>
     <span class='ocr_line' id='line_1_17' title="bbox 278 1251 1667 1301; baseline 0.001 -7"><span class='ocrx_word' id='word_1_128' title='bbox 278 1253 408 1294; x_wconf 89' lang='lat' dir='ltr'>tentia</span> <span class='ocrx_word' id='word_1_129' title='bbox 425 1268 506 1294; x_wconf 92' lang='lat' dir='ltr'>non</span> <span class='ocrx_word' id='word_1_130' title='bbox 526 1262 709 1301; x_wconf 87' lang='lat' dir='ltr'>manent,</span> <span class='ocrx_word' id='word_1_131' title='bbox 726 1268 750 1293; x_wconf 93' lang='lat' dir='ltr'>a</span> <span class='ocrx_word' id='word_1_132' title='bbox 766 1251 848 1293; x_wconf 88' lang='lat' dir='ltr'>Dei</span> <span class='ocrx_word' id='word_1_133' title='bbox 868 1262 977 1293; x_wconf 89' lang='lat' dir='ltr'>certe</span> <span class='ocrx_word' id='word_1_134' title='bbox 998 1252 1210 1294; x_wconf 87' lang='lat' dir='ltr'>voluntate</span> <span class='ocrx_word' id='word_1_135' title='bbox 1226 1254 1440 1294; x_wconf 87' lang='lat' dir='ltr'>manifeste</span> <span class='ocrx_word' id='word_1_136' title='bbox 1457 1254 1667 1296; x_wconf 87' lang='lat' dir='ltr'>recedunt.</span> 
     </span>
    </p>

    <p class='ocr_par' dir='ltr' id='par_1_4' title="bbox 277 1320 1672 1715">
     <span class='ocr_line' id='line_1_18' title="bbox 336 1320 1670 1378; baseline 0.001 -16"><span class='ocrx_word' id='word_1_137' title='bbox 336 1322 401 1362; x_wconf 93' lang='lat' dir='ltr'>M.</span> <span class='ocrx_word' id='word_1_138' title='bbox 436 1320 542 1362; x_wconf 87' lang='lat' dir='ltr'>Satis</span> <span class='ocrx_word' id='word_1_139' title='bbox 565 1321 654 1376; x_wconf 86' lang='lat' dir='ltr'>jam</span> <span class='ocrx_word' id='word_1_140' title='bbox 684 1335 710 1361; x_wconf 88' lang='lat' dir='ltr'>a</span> <span class='ocrx_word' id='word_1_141' title='bbox 739 1329 779 1361; x_wconf 88' lang='lat' dir='ltr'>te</span> <span class='ocrx_word' id='word_1_142' title='bbox 800 1329 974 1361; x_wconf 85' lang='lat' dir='ltr'>tractata</span> <span class='ocrx_word' id='word_1_143' title='bbox 994 1336 1080 1361; x_wconf 89' lang='lat' dir='ltr'>esse</span> <span class='ocrx_word' id='word_1_144' title='bbox 1099 1320 1266 1362; x_wconf 89' lang='lat' dir='ltr'>videtur</span> <span class='ocrx_word' id='word_1_145' title='bbox 1295 1320 1428 1377; x_wconf 88' lang='lat' dir='ltr'>prima</span> <span class='ocrx_word' id='word_1_146' title='bbox 1454 1337 1550 1378; x_wconf 88' lang='lat' dir='ltr'>pars</span> <span class='ocrx_word' id='word_1_147' title='bbox 1578 1338 1670 1378; x_wconf 91' lang='lat' dir='ltr'>pre-</span> 
     </span>
     <span class='ocr_line' id='line_1_19' title="bbox 277 1387 1670 1446; baseline 0 -16"><span class='ocrx_word' id='word_1_148' title='bbox 277 1388 448 1431; x_wconf 85' lang='lat' dir='ltr'>cationis</span> <span class='ocrx_word' id='word_1_149' title='bbox 469 1387 715 1438; x_wconf 86' lang='lat' dir='ltr'>Domiuicae,</span> <span class='ocrx_word' id='word_1_150' title='bbox 737 1403 832 1443; x_wconf 87' lang='lat' dir='ltr'>quae</span> <span class='ocrx_word' id='word_1_151' title='bbox 863 1388 942 1429; x_wconf 87' lang='lat' dir='ltr'>tria</span> <span class='ocrx_word' id='word_1_152' title='bbox 970 1388 1040 1429; x_wconf 87' lang='lat' dir='ltr'>illa</span> <span class='ocrx_word' id='word_1_153' title='bbox 1069 1388 1205 1444; x_wconf 89' lang='lat' dir='ltr'>capita</span> <span class='ocrx_word' id='word_1_154' title='bbox 1230 1388 1284 1429; x_wconf 89' lang='lat' dir='ltr'>ad</span> <span class='ocrx_word' id='word_1_155' title='bbox 1314 1389 1395 1430; x_wconf 89' lang='lat' dir='ltr'>Dei</span> <span class='ocrx_word' id='word_1_156' title='bbox 1425 1389 1551 1430; x_wconf 88' lang='lat' dir='ltr'>solam</span> <span class='ocrx_word' id='word_1_157' title='bbox 1582 1390 1670 1446; x_wconf 88' lang='lat' dir='ltr'>glo-</span> 
     </span>
     <span class='ocr_line' id='line_1_20' title="bbox 278 1455 1668 1513; baseline 0.001 -16"><span class='ocrx_word' id='word_1_158' title='bbox 278 1456 381 1497; x_wconf 87' lang='lat' dir='ltr'>riam</span> <span class='ocrx_word' id='word_1_159' title='bbox 401 1455 650 1512; x_wconf 86' lang='lat' dir='ltr'>pertinentia</span> <span class='ocrx_word' id='word_1_160' title='bbox 668 1455 964 1511; x_wconf 84' lang='lat' dir='ltr'>complectitur.</span> <span class='ocrx_word' id='word_1_161' title='bbox 1027 1457 1152 1497; x_wconf 91' lang='lat' dir='ltr'>Nunc</span> <span class='ocrx_word' id='word_1_162' title='bbox 1171 1456 1224 1497; x_wconf 90' lang='lat' dir='ltr'>ad</span> <span class='ocrx_word' id='word_1_163' title='bbox 1246 1457 1468 1497; x_wconf 85' lang='lat' dir='ltr'>secundam</span> <span class='ocrx_word' id='word_1_164' title='bbox 1492 1467 1668 1513; x_wconf 86' lang='lat' dir='ltr'>partem,</span> 
     </span>
     <span class='ocr_line' id='line_1_21' title="bbox 279 1522 1671 1580; baseline 0 -16"><span class='ocrx_word' id='word_1_165' title='bbox 279 1539 375 1580; x_wconf 87' lang='lat' dir='ltr'>quae</span> <span class='ocrx_word' id='word_1_166' title='bbox 395 1522 514 1563; x_wconf 88' lang='lat' dir='ltr'>utilia</span> <span class='ocrx_word' id='word_1_167' title='bbox 532 1531 574 1563; x_wconf 89' lang='lat' dir='ltr'>et</span> <span class='ocrx_word' id='word_1_168' title='bbox 592 1522 818 1563; x_wconf 89' lang='lat' dir='ltr'>commodis</span> <span class='ocrx_word' id='word_1_169' title='bbox 838 1522 986 1563; x_wconf 86' lang='lat' dir='ltr'>nostris</span> <span class='ocrx_word' id='word_1_170' title='bbox 1004 1531 1103 1579; x_wconf 88' lang='lat' dir='ltr'>apta</span> <span class='ocrx_word' id='word_1_171' title='bbox 1130 1523 1296 1579; x_wconf 89' lang='lat' dir='ltr'>proprie</span> <span class='ocrx_word' id='word_1_172' title='bbox 1317 1532 1488 1580; x_wconf 87' lang='lat' dir='ltr'>spectat,</span> <span class='ocrx_word' id='word_1_173' title='bbox 1511 1524 1671 1565; x_wconf 87' lang='lat' dir='ltr'>tametsi</span> 
     </span>
     <span class='ocr_line' id='line_1_22' title="bbox 280 1588 1672 1648; baseline 0 -16"><span class='ocrx_word' id='word_1_174' title='bbox 280 1590 425 1632; x_wconf 91' lang='lat' dir='ltr'>eadem</span> <span class='ocrx_word' id='word_1_175' title='bbox 454 1589 508 1631; x_wconf 85' lang='lat' dir='ltr'>ad</span> <span class='ocrx_word' id='word_1_176' title='bbox 539 1588 621 1631; x_wconf 89' lang='lat' dir='ltr'>Dei</span> <span class='ocrx_word' id='word_1_177' title='bbox 647 1605 816 1646; x_wconf 92' lang='lat' dir='ltr'>quoque</span> <span class='ocrx_word' id='word_1_178' title='bbox 844 1589 1018 1645; x_wconf 82' lang='lat' dir='ltr'>gloriam</span> <span class='ocrx_word' id='word_1_179' title='bbox 1051 1590 1297 1641; x_wconf 80' lang='lat' dir='ltr'>referantur,</span> <span class='ocrx_word' id='word_1_180' title='bbox 1318 1600 1551 1647; x_wconf 88' lang='lat' dir='ltr'>opportune</span> <span class='ocrx_word' id='word_1_181' title='bbox 1580 1606 1672 1648; x_wconf 91' lang='lat' dir='ltr'>per-</span> 
     </span>
     <span class='ocr_line' id='line_1_23' title="bbox 278 1673 437 1715; baseline -0.006 -16"><span class='ocrx_word' id='word_1_182' title='bbox 278 1673 437 1715; x_wconf 86' lang='lat' dir='ltr'>gemus.</span> 
     </span>
    </p>

    <p class='ocr_par' dir='ltr' id='par_1_5' title="bbox 283 1724 1670 1838">
     <span class='ocr_line' id='line_1_24' title="bbox 338 1724 1670 1782; baseline 0.001 -15"><span class='ocrx_word' id='word_1_183' title='bbox 338 1728 394 1768; x_wconf 90' lang='lat' dir='ltr'>A.</span> <span class='ocrx_word' id='word_1_184' title='bbox 429 1724 632 1767; x_wconf 79' lang='lat' dir='ltr'>Secundae</span> <span class='ocrx_word' id='word_1_185' title='bbox 652 1725 781 1781; x_wconf 89' lang='lat' dir='ltr'>partis</span> <span class='ocrx_word' id='word_1_186' title='bbox 801 1725 981 1781; x_wconf 90' lang='lat' dir='ltr'>primum</span> <span class='ocrx_word' id='word_1_187' title='bbox 1002 1735 1129 1782; x_wconf 87' lang='lat' dir='ltr'>caput</span> <span class='ocrx_word' id='word_1_188' title='bbox 1149 1735 1232 1767; x_wconf 86' lang='lat' dir='ltr'>est:</span> <span class='ocrx_word' id='word_1_189' title='bbox 1263 1727 1435 1768; x_wconf 79' lang='lat' dir='ltr'>PANEM</span> <span class='ocrx_word' id='word_1_190' title='bbox 1458 1741 1670 1768; x_wconf 79' lang='lat' dir='ltr'>NOSTRUM</span> 
     </span>
     <span class='ocr_line' id='line_1_25' title="bbox 283 1807 1020 1838; baseline -0.005 -2"><span class='ocrx_word' id='word_1_191' title='bbox 283 1807 605 1838; x_wconf 80' lang='lat' dir='ltr'><strong>QUOTIDIANUM</strong></span> <span class='ocrx_word' id='word_1_192' title='bbox 628 1807 690 1832; x_wconf 89' lang='lat' dir='ltr'>DA</span> <span class='ocrx_word' id='word_1_193' title='bbox 711 1807 841 1833; x_wconf 78' lang='lat' dir='ltr'>Noms</span> <span class='ocrx_word' id='word_1_194' title='bbox 865 1807 1020 1833; x_wconf 80' lang='lat' dir='ltr'>HoDIE.</span> 
     </span>
    </p>

    <p class='ocr_par' dir='ltr' id='par_1_6' title="bbox 340 1859 1377 1916">
     <span class='ocr_line' id='line_1_26' title="bbox 340 1859 1377 1916; baseline -0.002 -15"><span class='ocrx_word' id='word_1_195' title='bbox 340 1862 404 1901; x_wconf 92' lang='lat' dir='ltr'>M.</span> <span class='ocrx_word' id='word_1_196' title='bbox 438 1859 552 1910; x_wconf 81' lang='lat' dir='ltr'>Quid</span> <span class='ocrx_word' id='word_1_197' title='bbox 571 1859 688 1916; x_wconf 89' lang='lat' dir='ltr'>panis</span> <span class='ocrx_word' id='word_1_198' title='bbox 708 1859 938 1915; x_wconf 89' lang='lat' dir='ltr'>quotidiani</span> <span class='ocrx_word' id='word_1_199' title='bbox 959 1859 1123 1900; x_wconf 90' lang='lat' dir='ltr'>nomine</span> <span class='ocrx_word' id='word_1_200' title='bbox 1145 1859 1377 1915; x_wconf 82' lang='lat' dir='ltr'>significas?</span> 
     </span>
    </p>

    <p class='ocr_par' dir='ltr' id='par_1_7' title="bbox 282 1926 1673 2186">
     <span class='ocr_line' id='line_1_27' title="bbox 340 1926 1672 1984; baseline 0 -15"><span class='ocrx_word' id='word_1_201' title='bbox 340 1930 399 1969; x_wconf 90' lang='lat' dir='ltr'>A.</span> <span class='ocrx_word' id='word_1_202' title='bbox 431 1929 529 1968; x_wconf 93' lang='lat' dir='ltr'>Non</span> <span class='ocrx_word' id='word_1_203' title='bbox 548 1942 597 1967; x_wconf 87' lang='lat' dir='ltr'>ea</span> <span class='ocrx_word' id='word_1_204' title='bbox 622 1926 762 1977; x_wconf 90' lang='lat' dir='ltr'>modo,</span> <span class='ocrx_word' id='word_1_205' title='bbox 785 1927 903 1983; x_wconf 85' lang='lat' dir='ltr'>fquae</span> <span class='ocrx_word' id='word_1_206' title='bbox 932 1926 1088 1968; x_wconf 89' lang='lat' dir='ltr'>victum</span> <span class='ocrx_word' id='word_1_207' title='bbox 1118 1927 1360 1982; x_wconf 90' lang='lat' dir='ltr'>cultumque</span> <span class='ocrx_word' id='word_1_208' title='bbox 1391 1928 1672 1984; x_wconf 88' lang='lat' dir='ltr'>suppeditent,</span> 
     </span>
     <span class='ocr_line' id='line_1_28' title="bbox 282 1994 1672 2051; baseline 0.001 -15"><span class='ocrx_word' id='word_1_209' title='bbox 282 2010 428 2036; x_wconf 89' lang='lat' dir='ltr'>verum</span> <span class='ocrx_word' id='word_1_210' title='bbox 456 1994 579 2036; x_wconf 87' lang='lat' dir='ltr'>etiam</span> <span class='ocrx_word' id='word_1_211' title='bbox 610 2010 674 2035; x_wconf 85' lang='lat' dir='ltr'>res</span> <span class='ocrx_word' id='word_1_212' title='bbox 704 1994 803 2036; x_wconf 86' lang='lat' dir='ltr'>alias</span> <span class='ocrx_word' id='word_1_213' title='bbox 830 2010 971 2036; x_wconf 88' lang='lat' dir='ltr'>omnes</span> <span class='ocrx_word' id='word_1_214' title='bbox 999 1995 1043 2035; x_wconf 92' lang='lat' dir='ltr'>in</span> <span class='ocrx_word' id='word_1_215' title='bbox 1070 1994 1323 2046; x_wconf 88' lang='lat' dir='ltr'>universum,</span> <span class='ocrx_word' id='word_1_216' title='bbox 1346 2011 1442 2051; x_wconf 86' lang='lat' dir='ltr'>quae</span> <span class='ocrx_word' id='word_1_217' title='bbox 1471 1996 1525 2036; x_wconf 88' lang='lat' dir='ltr'>ad</span> <span class='ocrx_word' id='word_1_218' title='bbox 1546 1996 1672 2037; x_wconf 86' lang='lat' dir='ltr'>vitam</span> 
     </span>
     <span class='ocr_line' id='line_1_29' title="bbox 284 2061 1673 2118; baseline 0 -14"><span class='ocrx_word' id='word_1_219' title='bbox 284 2062 497 2113; x_wconf 86' lang='lat' dir='ltr'>tuendam,</span> <span class='ocrx_word' id='word_1_220' title='bbox 519 2062 857 2112; x_wconf 87' lang='lat' dir='ltr'>conservandam,</span> <span class='ocrx_word' id='word_1_221' title='bbox 884 2070 924 2103; x_wconf 89' lang='lat' dir='ltr'>et</span> <span class='ocrx_word' id='word_1_222' title='bbox 953 2061 996 2102; x_wconf 91' lang='lat' dir='ltr'>in</span> <span class='ocrx_word' id='word_1_223' title='bbox 1026 2062 1336 2118; x_wconf 84' lang='lat' dir='ltr'>tranquillitate,</span> <span class='ocrx_word' id='word_1_224' title='bbox 1367 2078 1414 2103; x_wconf 86' lang='lat' dir='ltr'>ac</span> <span class='ocrx_word' id='word_1_225' title='bbox 1444 2063 1530 2104; x_wconf 90' lang='lat' dir='ltr'>sine</span> <span class='ocrx_word' id='word_1_226' title='bbox 1559 2072 1673 2105; x_wconf 87' lang='lat' dir='ltr'>metu</span> 
     </span>
     <span class='ocr_line' id='line_1_30' title="bbox 284 2130 899 2186; baseline 0 -15"><span class='ocrx_word' id='word_1_227' title='bbox 284 2130 515 2186; x_wconf 88' lang='lat' dir='ltr'>degendam</span> <span class='ocrx_word' id='word_1_228' title='bbox 537 2139 633 2171; x_wconf 91' lang='lat' dir='ltr'>sunt</span> <span class='ocrx_word' id='word_1_229' title='bbox 653 2130 899 2171; x_wconf 73' lang='lat' dir='ltr'>necessariae.</span> 
     </span>
    </p>

    <p class='ocr_par' dir='ltr' id='par_1_8' title="bbox 285 2197 1670 2306">
     <span class='ocr_line' id='line_1_31' title="bbox 344 2197 1670 2254; baseline 0.002 -16"><span class='ocrx_word' id='word_1_230' title='bbox 344 2198 408 2238; x_wconf 87' lang='lat' dir='ltr'>M.</span> <span class='ocrx_word' id='word_1_231' title='bbox 440 2198 610 2254; x_wconf 86' lang='lat' dir='ltr'>Ecquid</span> <span class='ocrx_word' id='word_1_232' title='bbox 638 2209 700 2240; x_wconf 85' lang='lat' dir='ltr'>est</span> <span class='ocrx_word' id='word_1_233' title='bbox 728 2198 857 2248; x_wconf 87' lang='lat' dir='ltr'>aliud,</span> <span class='ocrx_word' id='word_1_234' title='bbox 878 2198 931 2238; x_wconf 89' lang='lat' dir='ltr'>de</span> <span class='ocrx_word' id='word_1_235' title='bbox 950 2213 1035 2253; x_wconf 91' lang='lat' dir='ltr'>quo</span> <span class='ocrx_word' id='word_1_236' title='bbox 1055 2198 1143 2239; x_wconf 81' lang='lat' dir='ltr'>haec</span> <span class='ocrx_word' id='word_1_237' title='bbox 1164 2213 1245 2238; x_wconf 85' lang='lat' dir='ltr'>vox</span> <span class='ocrx_word' id='word_1_238' title='bbox 1277 2197 1402 2239; x_wconf 90' lang='lat' dir='ltr'>Panis</span> <span class='ocrx_word' id='word_1_239' title='bbox 1431 2213 1505 2239; x_wconf 91' lang='lat' dir='ltr'>nos</span> <span class='ocrx_word' id='word_1_240' title='bbox 1532 2199 1670 2240; x_wconf 90' lang='lat' dir='ltr'>admo-</span> 
     </span>
     <span class='ocr_line' id='line_1_32' title="bbox 285 2268 410 2306; baseline 0.008 -1"><span class='ocrx_word' id='word_1_241' title='bbox 285 2268 410 2306; x_wconf 85' lang='lat' dir='ltr'>neat?</span> 
     </span>
    </p>
   </div>
   <div class='ocr_carea' id='block_1_3' title="bbox 344 2333 1676 2390">
    <p class='ocr_par' dir='ltr' id='par_1_9' title="bbox 344 2333 1676 2390">
     <span class='ocr_line' id='line_1_33' title="bbox 344 2333 1676 2390; baseline 0.002 -17"><span class='ocrx_word' id='word_1_242' title='bbox 344 2334 399 2373; x_wconf 90' lang='lat' dir='ltr'>A.</span> <span class='ocrx_word' id='word_1_243' title='bbox 443 2334 543 2374; x_wconf 77' lang='lat' dir='ltr'>gNe</span> <span class='ocrx_word' id='word_1_244' title='bbox 573 2349 637 2374; x_wconf 89' lang='lat' dir='ltr'>res</span> <span class='ocrx_word' id='word_1_245' title='bbox 666 2334 719 2374; x_wconf 88' lang='lat' dir='ltr'>ad</span> <span class='ocrx_word' id='word_1_246' title='bbox 750 2333 1005 2390; x_wconf 89' lang='lat' dir='ltr'>epulandum</span> <span class='ocrx_word' id='word_1_247' title='bbox 1034 2333 1383 2388; x_wconf 84' lang='lat' dir='ltr'>exquisitissimas,</span> <span class='ocrx_word' id='word_1_248' title='bbox 1415 2349 1517 2375; x_wconf 92' lang='lat' dir='ltr'>neve</span> <span class='ocrx_word' id='word_1_249' title='bbox 1545 2343 1676 2376; x_wconf 85' lang='lat' dir='ltr'>vestes</span> 
     </span>
    </p>
   </div>
   <div class='ocr_carea' id='block_1_4' title="bbox 288 2485 1673 2689">
    <p class='ocr_par' dir='ltr' id='par_1_10' title="bbox 288 2485 1673 2689">
     <span class='ocr_line' id='line_1_34' title="bbox 332 2485 1673 2527; baseline 0.001 -11"><span class='ocrx_word' id='word_1_250' title='bbox 332 2485 346 2505; x_wconf 72' lang='lat'>¹³</span> <span class='ocrx_word' id='word_1_251' title='bbox 361 2487 444 2518; x_wconf 79' lang='lat' dir='ltr'>Psal.</span> <span class='ocrx_word' id='word_1_252' title='bbox 457 2487 520 2518; x_wconf 88' lang='lat' dir='ltr'>xci.</span> <span class='ocrx_word' id='word_1_253' title='bbox 535 2498 583 2519; x_wconf 79' lang='grc' dir='ltr'>Π.</span> <span class='ocrx_word' id='word_1_254' title='bbox 607 2488 673 2519; x_wconf 83' lang='lat' dir='ltr'>ciii.</span> <span class='ocrx_word' id='word_1_255' title='bbox 691 2498 744 2524; x_wconf 84' lang='lat'>20,</span> <span class='ocrx_word' id='word_1_256' title='bbox 763 2498 813 2519; x_wconf 83' lang='lat'>21.</span> <span class='ocrx_word' id='word_1_257' title='bbox 837 2488 898 2519; x_wconf 89' lang='lat' dir='ltr'>civ.</span> <span class='ocrx_word' id='word_1_258' title='bbox 915 2497 947 2526; x_wconf 90' lang='lat'>4,</span> <span class='ocrx_word' id='word_1_259' title='bbox 965 2495 995 2525; x_wconf 84' lang='lat'>5.</span> <span class='ocrx_word' id='word_1_260' title='bbox 1028 2487 1111 2518; x_wconf 89' lang='lat' dir='ltr'>Heb.</span> <span class='ocrx_word' id='word_1_261' title='bbox 1129 2488 1150 2518; x_wconf 92' lang='lat' dir='ltr'>i.</span> <span class='ocrx_word' id='word_1_262' title='bbox 1169 2487 1201 2525; x_wconf 86' lang='lat'>6,</span> <span class='ocrx_word' id='word_1_263' title='bbox 1221 2493 1252 2526; x_wconf 81' lang='lat'>7,</span> <span class='ocrx_word' id='word_1_264' title='bbox 1270 2496 1319 2526; x_wconf 88' lang='lat'>14.</span> <span class='ocrx_word' id='word_1_265' title='bbox 1343 2493 1443 2527; x_wconf 89' lang='lat' dir='ltr'>Apoc.</span> <span class='ocrx_word' id='word_1_266' title='bbox 1461 2488 1515 2518; x_wconf 89' lang='lat' dir='ltr'>vii.</span> <span class='ocrx_word' id='word_1_267' title='bbox 1535 2498 1584 2518; x_wconf 90' lang='lat'>11.</span> <span class='ocrx_word' id='word_1_268' title='bbox 1607 2488 1673 2519; x_wconf 80' lang='lat' dir='ltr'>xix.</span> 
     </span>
     <span class='ocr_line' id='line_1_35' title="bbox 294 2541 1673 2581; baseline 0.001 -12"><span class='ocrx_word' id='word_1_269' title='bbox 294 2549 342 2570; x_wconf 89' lang='lat'>10.</span> <span class='ocrx_word' id='word_1_270' title='bbox 365 2541 443 2570; x_wconf 82' lang='lat' dir='ltr'>xxii.</span> <span class='ocrx_word' id='word_1_271' title='bbox 458 2551 490 2581; x_wconf 92' lang='lat'>9.</span> <span class='ocrx_word' id='word_1_272' title='bbox 661 2548 674 2561; x_wconf 67' lang='lat'><strong><em>⁶</em></strong></span> <span class='ocrx_word' id='word_1_273' title='bbox 690 2543 774 2573; x_wconf 82' lang='lat' dir='ltr'>Psal.</span> <span class='ocrx_word' id='word_1_274' title='bbox 791 2543 857 2572; x_wconf 84' lang='lat' dir='ltr'>xix.</span> <span class='ocrx_word' id='word_1_275' title='bbox 872 2551 905 2579; x_wconf 85' lang='lat'>4,</span> <span class='ocrx_word' id='word_1_276' title='bbox 923 2549 953 2581; x_wconf 88' lang='lat'>5.</span> <span class='ocrx_word' id='word_1_277' title='bbox 978 2541 1038 2572; x_wconf 88' lang='lat' dir='ltr'>civ.</span> <span class='ocrx_word' id='word_1_278' title='bbox 1056 2550 1108 2579; x_wconf 88' lang='lat'>20,</span> <span class='ocrx_word' id='word_1_279' title='bbox 1124 2542 1182 2572; x_wconf 81' lang='lat' dir='ltr'>&amp;c.</span> <span class='ocrx_word' id='word_1_280' title='bbox 1205 2551 1322 2572; x_wconf 77' lang='lat' dir='ltr'>cxxxv.</span> <span class='ocrx_word' id='word_1_281' title='bbox 1342 2549 1370 2581; x_wconf 87' lang='lat'>7.</span> <span class='ocrx_word' id='word_1_282' title='bbox 1395 2542 1523 2573; x_wconf 81' lang='lat' dir='ltr'>cxxxvi.</span> <span class='ocrx_word' id='word_1_283' title='bbox 1544 2548 1575 2581; x_wconf 88' lang='lat'>7,</span> <span class='ocrx_word' id='word_1_284' title='bbox 1591 2541 1624 2580; x_wconf 88' lang='lat'>8,</span> <span class='ocrx_word' id='word_1_285' title='bbox 1641 2550 1673 2581; x_wconf 90' lang='lat'>9.</span> 
     </span>
     <span class='ocr_line' id='line_1_36' title="bbox 288 2592 1673 2635; baseline 0.002 -13"><span class='ocrx_word' id='word_1_286' title='bbox 288 2592 303 2612; x_wconf 74' lang='lat'>²¹</span> <span class='ocrx_word' id='word_1_287' title='bbox 320 2593 418 2623; x_wconf 84' lang='lat' dir='ltr'>Deut.</span> <span class='ocrx_word' id='word_1_288' title='bbox 435 2604 463 2623; x_wconf 90' lang='lat' dir='ltr'>v.</span> <span class='ocrx_word' id='word_1_289' title='bbox 481 2604 534 2632; x_wconf 83' lang='lat'>32.</span> <span class='ocrx_word' id='word_1_290' title='bbox 570 2595 654 2625; x_wconf 86' lang='lat' dir='ltr'>Mat.</span> <span class='ocrx_word' id='word_1_291' title='bbox 670 2595 723 2625; x_wconf 84' lang='lat' dir='ltr'>vii.</span> <span class='ocrx_word' id='word_1_292' title='bbox 742 2605 792 2626; x_wconf 83' lang='lat'>21.</span> <span class='ocrx_word' id='word_1_293' title='bbox 816 2596 872 2626; x_wconf 85' lang='lat' dir='ltr'>xii.</span> <span class='ocrx_word' id='word_1_294' title='bbox 889 2605 941 2635; x_wconf 84' lang='lat'>50.</span> <span class='ocrx_word' id='word_1_295' title='bbox 1126 2600 1138 2614; x_wconf 75' lang='lat' dir='ltr'>e</span> <span class='ocrx_word' id='word_1_296' title='bbox 1157 2604 1173 2625; x_wconf 84' lang='lat'>2</span> <span class='ocrx_word' id='word_1_297' title='bbox 1190 2596 1265 2625; x_wconf 86' lang='lat' dir='ltr'>Cor.</span> <span class='ocrx_word' id='word_1_298' title='bbox 1279 2595 1326 2625; x_wconf 73' lang='lat' dir='ltr'>iii.</span> <span class='ocrx_word' id='word_1_299' title='bbox 1345 2594 1377 2631; x_wconf 93' lang='lat'>6,</span> <span class='ocrx_word' id='word_1_300' title='bbox 1395 2604 1443 2634; x_wconf 78' lang='lat'>14.</span> <span class='ocrx_word' id='word_1_301' title='bbox 1474 2596 1546 2626; x_wconf 85' lang='lat' dir='ltr'>Gal.</span> <span class='ocrx_word' id='word_1_302' title='bbox 1561 2596 1602 2625; x_wconf 88' lang='lat' dir='ltr'>iv.</span> <span class='ocrx_word' id='word_1_303' title='bbox 1622 2604 1673 2633; x_wconf 87' lang='lat'>24.</span> 
     </span>
     <span class='ocr_line' id='line_1_37' title="bbox 293 2645 1673 2689; baseline 0.002 -13"><span class='ocrx_word' id='word_1_304' title='bbox 293 2645 305 2665; x_wconf 77' lang='lat' dir='ltr'>s</span> <span class='ocrx_word' id='word_1_305' title='bbox 320 2646 403 2676; x_wconf 84' lang='lat' dir='ltr'>Psal.</span> <span class='ocrx_word' id='word_1_306' title='bbox 419 2647 478 2677; x_wconf 85' lang='lat' dir='ltr'>civ.</span> <span class='ocrx_word' id='word_1_307' title='bbox 497 2655 546 2686; x_wconf 87' lang='lat'>15,</span> <span class='ocrx_word' id='word_1_308' title='bbox 562 2655 614 2686; x_wconf 89' lang='lat'>27,</span> <span class='ocrx_word' id='word_1_309' title='bbox 633 2649 691 2678; x_wconf 70' lang='grc' dir='ltr'>διε.</span> <span class='ocrx_word' id='word_1_310' title='bbox 713 2659 761 2679; x_wconf 86' lang='lat' dir='ltr'>cv.</span> <span class='ocrx_word' id='word_1_311' title='bbox 778 2654 858 2680; x_wconf 88' lang='lat' dir='ltr'>toto.</span> <span class='ocrx_word' id='word_1_312' title='bbox 889 2649 985 2680; x_wconf 86' lang='lat' dir='ltr'>cxliv.</span> <span class='ocrx_word' id='word_1_313' title='bbox 1002 2657 1052 2685; x_wconf 90' lang='lat'>10,</span> <span class='ocrx_word' id='word_1_314' title='bbox 1075 2658 1126 2687; x_wconf 86' lang='lat'>11,</span> <span class='ocrx_word' id='word_1_315' title='bbox 1146 2658 1196 2684; x_wconf 87' lang='lat'>12,</span> <span class='ocrx_word' id='word_1_316' title='bbox 1215 2649 1274 2679; x_wconf 85' lang='lat' dir='ltr'>&amp;c.</span> <span class='ocrx_word' id='word_1_317' title='bbox 1300 2649 1384 2679; x_wconf 88' lang='lat' dir='ltr'>cxlv.</span> <span class='ocrx_word' id='word_1_318' title='bbox 1403 2658 1454 2687; x_wconf 84' lang='lat'>14,</span> <span class='ocrx_word' id='word_1_319' title='bbox 1476 2658 1526 2689; x_wconf 88' lang='lat'>15,</span> <span class='ocrx_word' id='word_1_320' title='bbox 1545 2648 1595 2685; x_wconf 88' lang='lat'>16,</span> <span class='ocrx_word' id='word_1_321' title='bbox 1613 2650 1673 2679; x_wconf 87' lang='lat' dir='ltr'>&amp;c.</span> 
     </span>
    </p>
   </div>
   <div class='ocr_carea' id='block_1_5' title="bbox 291 2698 1672 2790">
    <p class='ocr_par' dir='ltr' id='par_1_11' title="bbox 291 2698 1672 2790">
     <span class='ocr_line' id='line_1_38' title="bbox 291 2698 1672 2742; baseline 0.004 -15"><span class='ocrx_word' id='word_1_322' title='bbox 291 2705 304 2725; x_wconf 69' lang='lat' dir='ltr'>g</span> <span class='ocrx_word' id='word_1_323' title='bbox 319 2698 403 2728; x_wconf 83' lang='lat' dir='ltr'>Psal.</span> <span class='ocrx_word' id='word_1_324' title='bbox 420 2699 542 2729; x_wconf 86' lang='lat' dir='ltr'>lxxviii.</span> <span class='ocrx_word' id='word_1_325' title='bbox 559 2699 610 2737; x_wconf 86' lang='lat'>18,</span> <span class='ocrx_word' id='word_1_326' title='bbox 628 2710 678 2740; x_wconf 90' lang='lat'>19,</span> <span class='ocrx_word' id='word_1_327' title='bbox 695 2710 747 2737; x_wconf 91' lang='lat' dir='ltr'>zo,</span> <span class='ocrx_word' id='word_1_328' title='bbox 762 2710 815 2740; x_wconf 83' lang='lat'>29,</span> <span class='ocrx_word' id='word_1_329' title='bbox 831 2710 884 2739; x_wconf 74' lang='lat'>30.</span> <span class='ocrx_word' id='word_1_330' title='bbox 909 2700 970 2731; x_wconf 89' lang='lat' dir='ltr'>cvi.</span> <span class='ocrx_word' id='word_1_331' title='bbox 988 2710 1035 2739; x_wconf 88' lang='lat'>14.</span> <span class='ocrx_word' id='word_1_332' title='bbox 1062 2702 1143 2733; x_wconf 83' lang='lat' dir='ltr'>Mat.</span> <span class='ocrx_word' id='word_1_333' title='bbox 1157 2703 1200 2733; x_wconf 82' lang='lat' dir='ltr'>vi.</span> <span class='ocrx_word' id='word_1_334' title='bbox 1216 2710 1266 2742; x_wconf 85' lang='lat'>25.</span> <span class='ocrx_word' id='word_1_335' title='bbox 1298 2702 1378 2734; x_wconf 89' lang='lat' dir='ltr'>Luc.</span> <span class='ocrx_word' id='word_1_336' title='bbox 1395 2703 1459 2733; x_wconf 84' lang='lat' dir='ltr'>xvi.</span> <span class='ocrx_word' id='word_1_337' title='bbox 1480 2712 1529 2742; x_wconf 87' lang='lat'>19.</span> <span class='ocrx_word' id='word_1_338' title='bbox 1557 2712 1568 2732; x_wconf 80' lang='grc' dir='ltr'><em>ι</em></span> <span class='ocrx_word' id='word_1_339' title='bbox 1587 2703 1672 2733; x_wconf 86' lang='lat' dir='ltr'>Tim.</span> 
     </span>
     <span class='ocr_line' id='line_1_39' title="bbox 291 2750 418 2790; baseline 0.008 -11"><span class='ocrx_word' id='word_1_340' title='bbox 291 2760 321 2781; x_wconf 87' lang='lat' dir='ltr'>v.</span> <span class='ocrx_word' id='word_1_341' title='bbox 337 2750 371 2787; x_wconf 85' lang='lat'>8,</span> <span class='ocrx_word' id='word_1_342' title='bbox 388 2760 418 2790; x_wconf 89' lang='lat'>9.</span> 
     </span>
    </p>
   </div>
  </div>
 </body>
</html>
