1799 3077
263 144 347 187 236
590 142 822 184 NOELLI
857 141 1324 184 CATECHISMUS.

317 260 373 300 A.
405 256 530 298 Adeo
550 255 735 312 quidem,
759 264 806 296 ut
834 256 951 296 Deus
978 271 1030 296 ex
1062 255 1189 311 Legis
1218 254 1460 311 praescripto
1481 254 1653 295 viventi-

258 327 338 368 bus
358 326 484 367 vitam
505 323 797 380 lpolliceatur3
830 332 973 364 contra
993 338 1104 373 vero,
1127 322 1255 378 Legis
1278 338 1363 364 suae
1384 321 1652 363 violatoribus

261 403 295 423 m
308 402 482 434 mortem
503 390 732 441 denuntiet,
756 390 861 432 sicut
880 400 976 432 ante
996 390 1153 432 dictum
1176 399 1250 431 est.
1311 392 1457 446 Atque
1478 390 1583 431 hanc
1599 390 1653 431 ob

258 477 423 503 causam
445 459 633 516 superius
653 458 693 498 in
716 458 947 514 partiendo,
970 458 1261 509 obedientiam,
1286 468 1332 500 ut
1352 473 1478 499 unam
1499 473 1550 499 ex
1571 457 1654 515 pri-

258 529 396 570 mariis
418 526 646 584 Religionis
667 541 775 567 verae
797 526 999 582 partibus,
1021 526 1220 566 recensui.

317 600 381 639 M.
413 599 443 638 J
448 605 560 638 ustos
580 611 679 652 ergo
700 610 786 635 esse
806 610 945 636 censes
965 610 1048 646 eos,
1070 594 1143 651 qui
1165 595 1273 651 Legi
1304 594 1386 636 Dei
1412 610 1487 651 per
1516 595 1654 637 omnia

259 666 460 708 obediunt
473 668 490 705 ?
914 670 926 677 ·

314 736 370 775 A.
405 735 525 783 Sane,
548 731 654 788 siqui
675 731 717 772 id
738 738 935 788 praestare
952 730 1123 787 possint,
1138 730 1243 787 justi
1264 746 1314 772 ex
1345 731 1461 788 Lege
1489 741 1651 780 essent;

259 816 405 843 verum
435 816 483 841 ea
511 799 789 841 imbecillitate
820 799 1088 840 nlaboramus
1118 814 1272 850 omnes,
1308 808 1353 840 ut
1383 814 1504 840 nemo
1539 800 1655 856 quod

259 870 384 911 debet
403 869 514 910 omni
535 883 586 910 ex
607 877 725 925 parte
743 867 923 923 impleat.
985 868 1094 908 Nam
1121 876 1167 908 ut
1194 867 1340 908 demus
1370 867 1559 918 inveniri,
1581 868 1654 924 qui

261 937 369 994 Legi
388 937 528 993 aliqua
547 952 596 977 ex
619 946 735 993 parte
757 936 1028 992 obtemperet,
1050 950 1132 976 non
1162 944 1299 976 tamen
1329 935 1363 976 is
1392 935 1485 976 ideo
1515 950 1653 976 coram

260 1007 353 1047 Deo
367 1007 508 1063 justus
530 1005 607 1046 erit
623 1022 634 1053 3
668 1020 762 1045 nam
779 1012 797 1032 0
812 1003 1061 1045 execrandos
1082 1012 1122 1044 et
1139 1003 1398 1044 detestabiles
1413 1003 1655 1059 pronuntiat

259 1090 414 1125 omnes,
432 1073 504 1130 qui
525 1089 608 1114 non
628 1072 766 1114 omnia
778 1071 1053 1128 impleverint,
1072 1087 1167 1127 quae
1183 1071 1224 1112 in
1242 1072 1359 1128 Lege
1375 1071 1650 1112 continentur.

318 1144 382 1183 M.
415 1142 589 1184 Nullum
613 1157 711 1198 ergo
732 1140 946 1181 mortalem
973 1155 1025 1181 ex
1054 1141 1171 1196 Lege
1201 1155 1338 1181 coram
1370 1140 1463 1180 Deo
1486 1139 1652 1196 justum

260 1227 347 1253 esse
368 1211 513 1252 statuis
526 1215 545 1251 ἱ)

318 1282 375 1321 Α.
408 1279 586 1321 Nullum
606 1277 797 1319 omnino:
835 1277 946 1317 Nam
976 1285 1017 1318 et
1037 1285 1056 1315 P
1075 1275 1300 1334 Scripturae
1330 1275 1440 1316 idem
1471 1290 1654 1332 pronun-

262 1348 381 1390 tiant.

320 1417 386 1457 M.
420 1417 508 1456 Cur
528 1430 628 1471 ergo
648 1416 801 1471 Legem
823 1413 919 1455 tulit
940 1413 1071 1464 Deus,
1089 1428 1184 1469 quae
1205 1412 1496 1470 perfectionem
1515 1412 1654 1468 exigat

261 1483 457 1525 facultate
478 1491 617 1524 nostra
637 1482 832 1538 majorem
848 1483 864 1521 ?

319 1554 375 1593 A.
409 1553 460 1593 In
495 1552 612 1607 Lege
645 1550 816 1591 ferenda
845 1550 963 1590 Deus
993 1564 1074 1590 non
1107 1558 1191 1590 tam
1222 1548 1323 1604 quid
1355 1563 1429 1589 nos
1458 1556 1653 1604 praestare

261 1636 488 1677 possemus,
510 1619 583 1675 qui
604 1627 745 1660 nostra
771 1617 895 1674 culpa
914 1616 1223 1658 qimbecillitate
1254 1616 1503 1667 laboramus,
1526 1631 1653 1672 quam

262 1689 365 1745 quid
399 1688 528 1744 ipsius
561 1686 725 1743 justitia
759 1686 934 1742 dignum
964 1696 1082 1735 esset,
1114 1685 1322 1741 spectavit.
1385 1686 1526 1735 Quum
1556 1700 1655 1725 vero

263 1759 357 1798 Deo
386 1771 470 1797 non
499 1755 576 1796 nisi
607 1769 768 1795 summa
786 1761 800 1781 r
807 1752 970 1809 justitia
999 1752 1160 1809 placere
1190 1752 1333 1808 possit,
1365 1767 1455 1792 eam
1486 1751 1651 1792 vivendi

261 1839 448 1867 normam
469 1838 596 1879 quam
616 1822 703 1878 ipse
722 1820 949 1876 descripsit,
971 1820 1138 1861 omnino
1165 1820 1390 1876 perfectam
1417 1835 1502 1860 esse
1532 1835 1653 1876 opor-

263 1892 354 1934 tuit.
416 1890 580 1932 Deinde
606 1888 707 1929 nihil
734 1904 758 1929 a
785 1887 902 1929 nobis
932 1887 1060 1943 exigit
1092 1888 1200 1939 Lex,
1219 1887 1286 1928 cui
1315 1887 1551 1943 praestando
1580 1887 1654 1928 ob-

262 1960 392 2001 stricti
418 1974 499 2000 non
529 1957 666 1999 simus.
729 1958 870 2007 Quum
891 1971 988 1997 vero
1018 1955 1252 2011 longissime
1282 1971 1307 1996 a
1335 1954 1475 1996 debita
1495 1963 1508 1982 s
1525 1954 1651 2011 Legis

262 2027 496 2069 obedientia
515 2026 710 2076 absimus,
733 2024 848 2065 nulla
871 2024 1019 2065 idonea
1047 2033 1121 2065 aut
1144 2024 1260 2079 justa
1290 2023 1550 2064 excusatione
1580 2023 1653 2063 ho-

262 2096 392 2137 mines
410 2110 547 2137 coram
569 2095 662 2135 Deo
684 2109 768 2134 sese
793 2092 1013 2134 defendere
1040 2101 1241 2148 possunt;
1273 2091 1460 2147 adeoque
1491 2090 1652 2132 univer-

264 2180 327 2205 sos
351 2179 488 2205 coram
517 2162 599 2204 Dei
630 2160 826 2203 tribunali
857 2161 949 2201 Lex
980 2169 1021 2201 et
1050 2175 1140 2200 reos
1171 2159 1289 2210 sistit,
1312 2164 1378 2200 tet
1407 2159 1652 2200 condemnat

263 2233 398 2273 etiam.
443 2233 583 2287 Atque
603 2230 647 2271 id
668 2239 728 2271 est
749 2228 864 2285 quod
885 2227 1057 2279 Paulus,
1080 2229 1238 2284 Legem
1260 2227 1530 2269 ministerium
1547 2242 1654 2269 mor-

265 2300 331 2350 tis,
354 2310 394 2341 et
415 2298 687 2341 damnationis
709 2306 839 2338 vocat.

326 2370 390 2409 M.
422 2370 495 2409 An
518 2368 610 2408 Lex
630 2382 729 2422 ergo
757 2364 967 2406 universos
998 2363 1119 2404 simul
1150 2364 1191 2405 in
1221 2364 1299 2405 hoc
1328 2362 1654 2420 deploratissimo

266 2445 376 2477 statu
397 2434 568 2476 collocat
584 2437 601 2474 Ρ

310 2514 316 2535 ¹
334 2517 431 2546 Deut.
448 2515 515 2545 viii.
536 2525 562 2545 1.
583 2523 664 2544 xxx.
686 2521 734 2553 15.
759 2514 841 2543 Mat.
858 2512 925 2542 xix.
944 2518 990 2550 17.
1015 2512 1112 2542 Joan.
1130 2511 1185 2542 xii.
1204 2519 1256 2551 50.
1388 2516 1410 2530 '¹‘
1426 2511 1523 2541 Dent.
1541 2510 1584 2540 xi.
1602 2510 1653 2540 28.

267 2581 346 2600 xxx.
367 2577 414 2610 17.
440 2571 534 2600 Rom.
549 2569 572 2599 i.
593 2569 643 2598 18.
673 2568 716 2598 vi.
737 2577 786 2606 23.
895 2572 909 2586 ¹¹
927 2567 1008 2596 Gen.
1026 2563 1066 2592 vi.
1083 2571 1115 2602 5,
1132 2562 1163 2592 8.
1185 2572 1233 2593 11.
1256 2563 1349 2592 Prov.
1362 2572 1416 2593 xx.
1432 2572 1463 2602 9.
1487 2562 1581 2592 Rom.
1600 2562 1653 2591 vii.

270 2631 319 2660 14,
341 2631 388 2662 15.
412 2623 482 2652 Gal.
501 2623 535 2652 ii.
555 2622 602 2653 16.
726 2628 739 2641 ⁰
757 2621 828 2651 Gal.
843 2619 889 2650 iii.
910 2629 957 2650 10.
980 2619 1050 2649 Jac.
1067 2617 1100 2647 ii.
1118 2626 1167 2647 10.
1293 2623 1308 2643 r
1321 2617 1396 2646 Job.
1414 2626 1485 2646 xxv.
1502 2624 1533 2653 4.
1558 2616 1651 2645 Rom.

264 2676 310 2706 iii.
329 2676 380 2706 28.
396 2675 438 2706 iv.
458 2683 507 2714 15.
531 2676 603 2706 Gal.
619 2675 653 2705 ii.
670 2674 721 2713 16,
740 2684 790 2705 21.
807 2674 853 2704 iii.
870 2683 918 2704 10.
1026 2678 1041 2697 ‘1
1060 2671 1137 2702 Luc.
1154 2670 1231 2700 xvii.
1254 2679 1301 2700 10.
1326 2670 1421 2700 Rom.
1437 2669 1483 2699 iii.
1504 2677 1552 2698 20.
1578 2668 1650 2698 Gal.

264 2729 306 2758 vi.
323 2737 354 2766 3.
472 2733 482 2747 f
502 2728 584 2758 Psal.
602 2738 630 2758 v.
645 2736 678 2767 4,
697 2738 728 2767 5,
747 2727 778 2758 6.
805 2737 821 2758 2
840 2728 915 2758 Cor.
932 2728 973 2756 vi.
995 2734 1042 2764 14.
1152 2730 1162 2744 ³
1178 2723 1252 2754 Job.
1271 2724 1312 2753 iv.
1333 2729 1382 2761 17.
1400 2733 1453 2752 xv.
1474 2730 1522 2760 14.
1546 2730 1562 2752 z
1581 2721 1651 2751 Par.

265 2781 307 2811 vi.
321 2780 373 2819 36.
398 2780 513 2811 GaLii.
534 2780 582 2811 16.
711 2783 719 2799 ί
740 2781 835 2810 Rom.
851 2780 897 2810 iii.
918 2790 964 2819 19·
982 2778 1080 2815 vii.8,
1102 2787 1149 2808 10.
1175 2777 1245 2807 Gal.
1264 2776 1310 2807 iii.
1333 2785 1381 2806 10.
