1799 3077
309 140 394 180 222
630 143 867 186 NOELLI
900 145 1366 187 CATECHISMUS.

367 255 431 295 M.
462 254 535 296 An
552 269 652 312 ergo
666 256 828 312 quoties
843 272 940 299 vera
959 257 1184 315 loquimur,
1201 258 1396 300 adhibere
1409 258 1693 315 juramentum

307 322 474 364 licebit?

365 393 421 432 A.
455 393 551 432 Hoc
580 391 747 432 minime
776 391 896 433 licere
923 393 1012 449 jam
1047 403 1141 436 ante
1176 394 1334 436 dictum
1369 403 1454 442 est;
1499 393 1554 435 sic
1587 394 1695 435 enim

309 459 555 500 existimatio
581 468 707 515 atque
736 460 964 502 authoritas
993 462 1168 504 nominis
1195 462 1337 503 Divini
1367 462 1695 511 imminueretur,

308 524 472 581 vileque
490 525 595 566 illud
614 535 654 568 et
675 527 846 583 vulgare
862 528 1116 569 redderetur.
1179 529 1261 570 Sed
1281 545 1374 570 cum
1396 530 1438 570 in
1458 529 1479 557 b
1491 528 1607 585 gravi
1627 544 1696 569 ne-

308 593 423 650 gotio
442 593 604 635 veritati
634 594 736 635 fides
765 595 919 652 alioqui
950 611 1033 637 non
1065 596 1303 648 haberetur,
1324 612 1412 638 eam
1444 606 1697 639 sacramento

308 662 550 702 confirmare
570 661 720 703 licebit.

367 732 430 772 M.
465 731 578 781 Quid
600 730 751 772 deinde
772 732 987 788 sequitur?

365 800 421 839 A.
454 800 603 855 Neque
624 799 730 840 enim
752 800 1020 856 impunitum,
1041 800 1192 858 inquit,
1210 800 1313 842 sinet
1334 802 1364 842 J
1367 801 1511 852 ehova,
1533 800 1605 856 qui
1627 815 1699 841 no-

307 880 402 906 men
424 866 512 922 ejus
532 867 708 909 inaniter
729 868 977 910 adhibuerit.

366 935 430 975 M.
464 936 605 985 Quum
636 935 678 976 in
707 937 947 978 universum
968 952 1010 978 se
1032 935 1075 977 in
1097 936 1225 993 Legis
1255 952 1340 978 suae
1368 936 1584 978 violatores
1613 936 1699 976 ani-

308 1002 638 1055 madversurum,
660 1012 678 1033 0
691 1004 788 1046 alibi
810 1006 928 1046 Deus
948 1005 1178 1055 denuntiet,
1200 1005 1301 1061 quid
1323 1014 1384 1046 est
1404 1005 1518 1062 quod
1541 1004 1608 1045 hic
1627 1019 1700 1045 no-

309 1070 419 1111 mine
439 1086 513 1112 suo
533 1071 802 1114 abutentibus
822 1072 1083 1130 peculiariter
1102 1073 1314 1114 minatur?

366 1139 423 1179 A.
458 1139 649 1180 Indicare
681 1140 824 1191 voluit,
848 1140 992 1197 quanti
1024 1141 1199 1182 nominis
1228 1140 1324 1182 dsui
1359 1140 1532 1197 gloriam
1561 1139 1698 1191 faciat,

311 1216 359 1248 ut
387 1217 571 1263 paratam
602 1208 797 1250 ultionem
828 1210 1029 1261 videntes,
1052 1209 1196 1265 majori
1230 1209 1367 1250 studio
1396 1210 1450 1251 ab
1483 1225 1532 1250 eo
1563 1210 1701 1265 profa-

296 1275 451 1333 nando
470 1292 718 1318 caveremus

371 1345 434 1384 M.
468 1346 532 1384 An
555 1345 761 1395 divorum,
782 1353 856 1386 aut
875 1344 1049 1386 aliorum
1070 1345 1300 1396 hominum,
1322 1360 1512 1386 rerumve
1535 1344 1700 1386 nomine

312 1410 354 1452 in
367 1411 642 1467 jurejurando
664 1412 860 1454 adhibere
879 1412 941 1453 fas
962 1428 1047 1454 esse
1067 1416 1217 1469 putas?

371 1482 426 1520 A.
460 1481 750 1537 Nequaquam.
813 1482 921 1522 Cum
944 1481 1050 1522 enim
1073 1480 1301 1536 legitimum
1323 1480 1619 1537 jusjurandum
1642 1481 1700 1521 ni-

313 1547 373 1589 hil
401 1548 453 1589 sit
484 1548 611 1599 aliud,
643 1564 770 1604 quam
800 1548 989 1605 religiosa
1017 1548 1246 1599 affirmatio,
1275 1563 1316 1589 se
1346 1549 1483 1589 Deum
1516 1548 1702 1589 omnium

313 1616 520 1657 conscium
557 1616 908 1672 cognitoremque,
943 1625 960 1644 θ
974 1624 1118 1657 testem
1161 1615 1299 1666 citare,
1331 1624 1457 1672 atque
1491 1616 1701 1667 adhibere,

307 1684 605 1740 jusjurandum
636 1700 678 1725 se
708 1699 852 1724 verum
877 1684 1034 1740 jurare,
1058 1683 1320 1739 eundemque
1349 1683 1381 1724 si
1411 1683 1560 1724 falsum
1587 1684 1703 1740 jura-

314 1751 388 1802 vit,
410 1751 611 1792 mendacii
643 1750 885 1807 scelerisque
913 1751 975 1791 sui
995 1750 1199 1791 vindicem
1229 1760 1355 1806 atque
1385 1750 1561 1792 ultorem
1588 1750 1703 1792 invo-

315 1835 407 1860 care
427 1828 552 1875 atque
571 1819 812 1875 imprecari3
845 1818 956 1859 hunc
976 1818 1127 1859 divinae
1149 1818 1358 1874 sapientiae
1377 1828 1502 1874 atque
1517 1819 1705 1875 majesta-

315 1887 368 1928 tis
388 1887 600 1937 honorem,
617 1887 691 1943 qui
713 1902 812 1928 suus
828 1895 888 1927 est
907 1885 1101 1941 proprius
1121 1885 1272 1941 satque
1291 1885 1521 1941 peculiaris,
1542 1886 1701 1942 partiri,

317 1963 359 1996 et
378 1969 473 1995 cum
493 1954 581 1995 aliis
602 1954 666 1995 vel
696 1953 880 2010 personis
910 1952 974 1993 vel
1003 1953 1128 1993 rebus
1157 1952 1471 2004 communicare,
1494 1969 1702 1995 summum

317 2032 423 2064 esset
443 2022 568 2063 nefas.

377 2092 440 2132 M.
480 2092 676 2147 Superest
710 2098 906 2146 quartum
944 2096 1212 2145 praeceptum,
1245 2088 1390 2144 primae
1423 2088 1575 2131 tabulae
1611 2089 1705 2131 ulti-

317 2175 434 2200 mum
449 2162 465 2200 ἓ

377 2229 433 2268 A.
465 2227 595 2268 D1EM
617 2239 796 2267 SABBATI
817 2234 837 2263 g
850 2236 1015 2265 sANcrE
1036 2236 1185 2264 AGERE
1208 2237 1443 2266 MEMENTo.
1492 2225 1583 2266 SEx
1608 2238 1705 2266 DIE-

320 2309 402 2336 BUS
430 2308 724 2344 OPERAssEms,
745 2307 800 2334 ET
832 2306 981 2333 FACIES
1013 2306 1160 2332 OMNIA
1192 2306 1338 2333 OPERA
1368 2306 1481 2344 TUA3
1515 2307 1703 2334 SEPTIMo

323 2377 442 2404 VERo
466 2376 561 2412 DIE,
584 2375 708 2405 QUOD
730 2375 807 2402 EST
827 2361 1005 2401 DOMINI
1026 2360 1115 2400 DEI
1137 2373 1213 2401 TUI
1242 2374 1491 2411 SABBATUM,
1512 2375 1703 2402 NULLUM

322 2444 432 2472 opus
450 2444 626 2482 FAClEs3
648 2443 735 2470 NEC
756 2442 829 2480 TU,
843 2442 928 2469 NEC
947 2441 1089 2468 FILIUS
1109 2441 1240 2480 TUUS,
1255 2442 1341 2468 NEC
1364 2442 1480 2469 FILIA
1496 2442 1599 2481 TUA,
1616 2443 1703 2470 NEC

365 2563 380 2583 ¹>
404 2564 505 2594 Exod.
526 2564 604 2593 xxii.
626 2573 675 2593 11.
709 2563 800 2593 Josh.
821 2562 855 2592 ii.
876 2571 925 2592 12.
966 2571 977 2591 1
1006 2562 1086 2601 Reg.
1110 2561 1195 2591 xxiv.
1213 2570 1263 2592 21.
1286 2566 1318 2592 et
1341 2572 1418 2592 xxx.
1439 2571 1487 2602 ¹5·
1525 2563 1595 2593 Gal.
1615 2563 1635 2592 i.
1653 2571 1704 2593 20.

322 2623 335 2636 ⁰
351 2617 428 2647 Lev.
444 2617 532 2647 xxvi.
550 2625 599 2654 14.
623 2617 721 2647 Dent.
739 2615 851 2646 xxviii.
870 2623 919 2655 15,
940 2616 999 2645 &c.
1016 2620 1048 2645 et
1063 2615 1197 2645 infinitis
1214 2615 1304 2645 locis.
1440 2615 1454 2635 ‘¹
1480 2616 1554 2645 Lev.
1569 2615 1635 2645 xix.
1656 2624 1705 2646 12.

323 2670 421 2700 Dent.
437 2679 467 2699 v.
484 2678 533 2699 11.
555 2669 622 2699 Jer.
639 2669 671 2698 li.
687 2668 739 2709 56.
765 2669 881 2699 Ezech.
897 2678 951 2698 xx.
968 2667 1001 2705 8,
1018 2677 1051 2708 9,
1071 2676 1120 2705 14.
1237 2673 1249 2687 θ
1273 2668 1375 2698 Exod.
1391 2668 1468 2697 xxii.
1489 2677 1537 2697 11.
1561 2667 1644 2697 ch.
1663 2668 1703 2698 vi.

328 2722 376 2753 16.
478 2721 490 2741 s
509 2723 606 2753 Deut.
622 2723 664 2752 vi.
682 2732 729 2761 13.
754 2733 786 2753 x.
807 2731 858 2752 20.
880 2722 971 2751 Josh.
986 2722 1080 2752 xxiii.
1099 2728 1127 2760 7.
1153 2721 1238 2752 Esai.
1254 2723 1319 2752 lxv.
1337 2719 1386 2751 16.
1485 2727 1498 2746 Β
1522 2722 1624 2752 Exod.
1642 2722 1706 2752 xvi.

330 2785 378 2814 23.
397 2781 427 2806 et
444 2786 498 2806 xx.
512 2776 542 2805 8.
559 2781 590 2806 et
606 2776 694 2806 xxxi.
710 2786 757 2814 ¹3·
781 2776 885 2806 Levit.
903 2775 994 2805 xxiii.
1011 2785 1041 2813 3.
1067 2775 1165 2806 Dent.
1182 2786 1210 2805 v.
1229 2784 1276 2805 12.
1301 2775 1415 2804 Ezech.
1431 2784 1483 2804 xx.
1501 2784 1548 2804 12.
