1799 3077
222 407 597 474 NOELLI
652 407 1365 474 CATECHISMUS.

379 741 787 788 MAGISTER.
839 741 1209 787 AUDITOR.

661 900 926 940 MAGISTER.

99 962 315 1041 QUUM
340 1001 634 1049 praeceptorem
664 992 876 1049 discipulis
905 991 988 1033 suis
1017 991 1194 1032 alterum
1224 1000 1398 1046 patrem,
1421 1005 1492 1046 pa·
1505 1009 1701 1046 Praeceptoris

99 1070 355 1117 renteinque,
388 1077 468 1103 non
507 1077 742 1118 corporum,
775 1062 846 1103 sed
885 1061 1119 1102 animorum
1154 1075 1240 1101 esse
1273 1052 1648 1115 01301·teat;⁰ffi⁰¹¹¹¹¹¹·

99 1129 151 1170 ad
172 1129 291 1170 officii
312 1131 389 1171 mei
415 1131 615 1172 rationem
642 1131 848 1187 pertinere
868 1130 1003 1180 video,
1025 1128 1260 1170 charissime
1291 1128 1386 1177 Fili,
1409 1143 1491 1168 non

101 1206 184 1238 tam
206 1198 331 1239 literis
353 1209 393 1240 te
413 1208 539 1255 atque
555 1199 739 1240 moribus
754 1198 976 1239 liberaliter
991 1197 1219 1247 instituere,
1238 1212 1363 1252 quam
1381 1212 1495 1237 men-

100 1276 182 1307 tem
214 1276 329 1307 tuam
359 1267 627 1324 animumque
657 1277 845 1308 tenerum
874 1267 995 1308 bonis
1027 1265 1291 1322 opinionibus
1325 1274 1366 1306 et
1396 1281 1493 1306 vera

100 1335 318 1391 Religione
352 1336 551 1377 imbuere.
611 1336 820 1377 aPuerilis
854 1335 962 1376 enim
994 1334 1072 1375 ista
1107 1343 1206 1375 aetas
1240 1348 1323 1374 non
1354 1333 1490 1374 minus
1506 1349 1604 1377 Pietas
1621 1358 1696 1387 pue-

99 1403 316 1459 praeceptis
336 1404 483 1445 sanctis
504 1404 555 1445 ad
577 1404 787 1461 pietatem,
805 1404 888 1444 imo
909 1403 1042 1443 multo
1062 1402 1184 1443 etiam
1200 1401 1344 1457 magis,
1362 1416 1488 1456 quain
1504 1393 1577 1420 ‘³¹³⁵‘

98 1470 288 1527 ingenuis
319 1473 476 1514 artibus
507 1473 559 1514 ad
586 1473 885 1514 humanitatem
912 1480 972 1513 est
999 1469 1270 1511 informanda.
1335 1471 1490 1520 Quam-

97 1541 239 1581 obrem
253 1551 571 1582 consentaneum
589 1541 747 1598 putavi,
762 1539 1074 1597 quaestiunculis
1088 1538 1338 1594 quibusdam
1353 1547 1489 1578 tecum

99 1624 234 1665 agere,
258 1619 305 1650 ut
325 1620 436 1650 certo
457 1609 595 1660 sciam,
618 1625 718 1651 num
739 1619 847 1651 recte
867 1624 919 1650 an
941 1623 1056 1649 secus
1082 1607 1123 1647 in
1153 1623 1201 1648 ea
1229 1622 1273 1648 re
1304 1606 1489 1647 studium

99 1693 350 1734 operamque
372 1678 567 1734 posueris.

158 1748 390 1788 Ammon.
423 1748 481 1787 Et
517 1762 609 1802 ego,
642 1747 878 1802 Praeceptor
908 1743 1154 1793 venerande,
1186 1752 1391 1798 quantum
1426 1758 1487 1791 ea,

100 1829 195 1869 quae
216 1829 281 1854 me
302 1830 352 1855 ex
383 1815 504 1855 sacris
532 1814 658 1855 literis
688 1813 901 1864 edocuisti,
924 1813 1061 1854 animo
1091 1811 1314 1868 percipere,
1337 1820 1378 1852 et
1407 1826 1490 1851 mc-

100 1882 229 1922 moria
249 1882 454 1923 custodire
480 1882 612 1938 potui,
635 1891 924 1938 quantumque
953 1881 1098 1922 audita
1126 1878 1329 1920 reminisci
1359 1889 1400 1920 et
1429 1894 1491 1919 re-

100 1950 258 1991 cordari
274 1951 316 1991 in
332 1951 524 2007 praesenti
537 1966 719 2007 possum,
734 1950 917 2006 quaesitis
935 1965 959 1990 a
973 1958 1013 1990 te
1028 1949 1204 1990 libenter
1218 1947 1487 2004 respondebo.

159 2021 222 2060 M.
255 2021 351 2075 Age
371 2019 514 2075 igitur,
536 2019 602 2060 dic
622 2019 738 2071 mihi,
759 2018 814 2060 mi
838 2017 934 2069 Fili,
957 2033 1148 2074 quaenam
1171 2034 1218 2059 ea
1243 2017 1293 2057 sit
1324 2015 1490 2071 Religio

102 2103 227 2144 quam
248 2087 462 2143 profiteris.

163 2158 214 2196 A.
249 2156 368 2205 Eam,
393 2157 630 2212 Praeceptor
646 2154 891 2205 venerande,
912 2153 1172 2209 Religionem
1193 2152 1402 2208 profiteor,
1420 2165 1489 2191 cu-
1503 2164 1680 2213 Christiana

94 2226 166 2280 jus
193 2224 344 2265 author
374 2224 651 2280 magisterque
681 2232 743 2264 est
764 2223 956 2264 Christus
987 2221 1208 2269 Dominus,
1230 2234 1408 2275 quaeque
1434 2208 1634 2259 obRffl‘gm·

101 2308 191 2333 eam
212 2292 342 2349 ipsam
370 2307 533 2333 causam
565 2292 732 2348 proprio
763 2301 803 2331 et
824 2306 921 2331 vero
950 2289 1128 2338 nomine,
1153 2287 1388 2329 Christiana
1417 2301 1488 2341 ap-
1501 2294 1623 2321 Nomen
1641 2292 1679 2321 ab

100 2358 252 2416 pellata
271 2370 356 2412 est3
389 2370 436 2401 ut
465 2370 505 2401 et
535 2360 607 2416 qui
638 2375 725 2400 ean]
759 2359 1021 2415 profitentur,
1042 2354 1300 2397 bChristiani
1330 2369 1489 2394 nuncu·
1502 2337 1641 2364 authore.

102 2427 187 2483 pati
211 2436 317 2467 sunt.

161 2496 223 2535 M.
257 2495 462 2551 Agnoscis
491 2496 619 2551 igitur
650 2504 689 2535 te
722 2493 967 2535 Christianae
997 2490 1160 2547 pietatis
1189 2501 1230 2529 ct
1261 2488 1489 2544 Religionis

100 2564 314 2613 cultorem,
336 2579 383 2604 ac
406 2563 560 2604 Christi
583 2562 751 2603 Domini
773 2561 899 2601 nostri
920 2569 1045 2615 atque
1074 2556 1346 2613 Praeceptoris
1372 2555 1489 2596 disci-

103 2632 172 2687 pul
182 2649 248 2673 um
263 2636 280 2672 ?

147 2725 161 2738 ³
175 2718 271 2748 Dent.
289 2718 330 2748 iv.
348 2728 382 2759 9,
404 2728 450 2749 10.
468 2722 500 2748 ct
516 2716 602 2748 xxxi.
624 2726 672 2752 iz,
695 2726 742 2754 13.
796 2716 881 2747 l'sal.
896 2713 1020 2745 lxxviii.
1038 2723 1070 2752 5,
1089 2721 1125 2750 4,
1142 2714 1200 2741 ὄις.
1256 2710 1337 2741 Mat.
1356 2708 1420 2738 xix.
1442 2717 1487 2745 ¹5·

106 2786 121 2806 ’.ε
139 2776 226 2807 Tim.
242 2776 288 2806 iii.
311 2785 357 2815 ¹5-
574 2772 588 2794 l’
608 2772 677 2803 Act.
691 2770 730 2800 xi.
750 2769 799 2800 26.
