1799 3077
99 542 283 580 Chrysosto-

98 595 165 614 mus
182 593 229 622 13.
247 587 283 615 ad

96 628 228 657 Roman.

97 892 264 940 Gregorius

96 944 173 973 saepe
188 945 220 964 1n

94 979 184 1016 epist.

85 1978 205 2007 Tertul.
226 1978 257 2006 in

85 2022 252 2058 Apologet.

85 2074 150 2102 cap.
168 2064 214 2094 16,

321 150 403 189 148
691 150 915 192 JUELLI
949 151 1290 192 APOLOGIAq

318 277 424 312 mus,
457 277 530 304 nec
566 264 704 319 Reges
739 273 813 304 aut
846 263 1032 314 facimus,
1063 274 1136 305 aut
1166 264 1394 320 dejicimus,
1426 277 1500 303 nec
1529 263 1700 319 imperia

316 330 612 382 transferimus,
641 346 714 371 nec
745 331 934 387 Regibus
964 332 1112 373 nostris
1133 346 1289 372 venena
1317 330 1599 387 propinamus,
1628 346 1701 372 nec

315 397 394 439 illis
413 399 537 454 pedes
552 398 795 440 osculandos
810 399 1074 455 porrigimus,
1093 415 1165 440 nec
1184 399 1359 455 pedibus
1374 399 1522 440 nostris
1537 398 1701 439 illorum

314 466 540 507 cervicibus
569 467 824 508 insultamus.
889 468 995 508 Haec
1024 468 1163 523 potius
1193 477 1251 508 est
1282 467 1494 523 professiO,
1523 467 1610 508 haec
1641 477 1702 508 est

314 536 501 578 doctrina
520 547 683 584 nostra;
716 552 879 577 omnem
901 537 1092 587 animam,
1110 553 1370 593 quaecunque
1387 538 1551 578 tandem
1570 554 1616 579 ea
1633 538 1697 588 sit,

314 603 397 644 sive
431 604 481 645 sit
515 604 763 654 Monachus,
801 604 884 644 sive
920 604 1199 660 Evangelista,
1237 605 1320 645 sive
1356 605 1580 660 Propheta,
1615 606 1700 646 sive

313 672 557 727 Apostolus,
589 681 778 728 oportere
808 671 997 727 Regibus
1027 682 1066 712 et
1099 673 1416 728 Magistratibus
1445 687 1531 713 esse
1561 672 1699 713 subdi-

312 748 420 786 tam;
455 750 495 780 et
517 740 760 780 Pontificem
781 740 885 780 adeo
904 739 1054 795 ipsum,
1078 740 1153 780 nisi
1178 740 1467 796 Evangelistis,
1490 740 1566 780 nisi
1597 741 1699 780 Pro-

311 807 460 862 phetis,
490 807 564 847 nisi
596 807 809 863 Apostolis
836 808 966 863 major
992 807 1119 848 videri
1141 808 1252 858 velit,
1275 808 1390 865 quod
1411 817 1567 849 veteres
1597 807 1698 864 Epi-

312 875 423 930 scopi
445 876 622 916 Romani
643 875 880 916 melioribus
902 876 1156 932 temporibus
1177 892 1335 933 semper
1355 877 1555 926 fecerunt,
1577 891 1697 932 opor-

312 952 396 984 tere
420 945 718 999 Imperatorem
739 943 953 983 dominum
976 959 1097 984 suum
1114 954 1154 984 et
1169 959 1401 1000 agnoscere,
1419 954 1459 985 et
1475 944 1692 1000 appellare.

310 1011 398 1051 Nos
418 1011 583 1067 publice
603 1011 812 1060 docemus,
835 1010 892 1050 ita
911 1009 1279 1065 obtemperandum
1302 1025 1387 1050 esse
1416 1009 1693 1065 Principibus,

308 1090 503 1134 tanquam
526 1079 763 1119 hominibus
781 1094 805 1118 a
827 1079 920 1118 Deo
939 1077 1093 1123 missis;
1127 1077 1283 1133 quique
1303 1078 1381 1118 illis
1396 1077 1558 1127 resistit,
1575 1077 1691 1118 illum

307 1146 388 1187 Dei
419 1147 664 1187 ordinationi
695 1146 891 1187 resistere.
956 1147 1063 1186 Haec
1084 1154 1180 1186 sunt
1200 1145 1389 1186 instituta
1409 1155 1571 1191 nostra3
1605 1145 1692 1186 haec

306 1215 347 1255 in
368 1215 495 1265 libris,
517 1216 604 1256 haec
625 1215 665 1255 in
688 1214 951 1255 concionibus
971 1213 1140 1260 nostris;
1175 1213 1262 1254 haec
1279 1213 1321 1253 in
1337 1214 1534 1263 moribus,
1552 1222 1592 1254 et
1608 1229 1693 1254 mo-

306 1283 436 1324 destia
455 1283 598 1339 populi
621 1283 746 1323 nostri
768 1282 1018 1323 elucescunt.

364 1351 479 1392 Illud
501 1367 612 1400 vero,
633 1350 745 1406 quod
768 1366 841 1390 nos
862 1350 1005 1390 dicunt
1026 1350 1251 1390 discessisse
1278 1350 1331 1390 ab
1362 1350 1519 1391 unitate
1550 1350 1692 1391 Eccle-

305 1420 374 1461 siae
404 1419 627 1468 catholicae,
650 1434 731 1459 non
764 1427 924 1459 tantum
955 1428 1015 1458 est
1046 1418 1248 1469 odiosum,
1272 1418 1342 1458 sed
1372 1417 1508 1467 etiam,
1530 1418 1603 1459 etsi
1626 1434 1691 1459 ve-

305 1504 397 1529 rum
419 1503 501 1528 non
522 1497 596 1537 est,
620 1496 753 1528 tamen
778 1486 952 1542 speciem
973 1486 1153 1542 aliquam
1175 1496 1215 1527 et
1237 1485 1545 1526 similitudinem
1568 1486 1691 1527 habet

306 1556 404 1596 veri.
467 1555 600 1612 Apud
639 1554 841 1611 populum
877 1570 974 1596 vero
1016 1564 1056 1595 et
1096 1554 1326 1610 imperitam
1366 1553 1691 1603 multitudinem,

303 1640 384 1665 non
407 1632 569 1665 tantum
591 1639 701 1674 vera,
722 1633 763 1664 et.
791 1633 900 1664 certa
930 1623 1053 1663 fidem
1086 1622 1256 1672 faciunt,
1280 1621 1351 1662 sed
1382 1621 1502 1662 etiam
1536 1621 1567 1661 si
1598 1637 1692 1678 quae

302 1701 412 1742 sunt,
435 1707 530 1747 quae
550 1691 678 1731 videri
700 1691 856 1746 possint
877 1690 1123 1732 verisimilia.
1179 1691 1324 1745 Itaque
1344 1689 1533 1730 videmus
1553 1690 1689 1731 vafros

302 1759 498 1808 homines,
521 1767 561 1798 et
591 1757 772 1808 callidos,
801 1758 954 1814 quibus
983 1773 1079 1798 vera
1109 1773 1188 1797 non
1223 1768 1502 1813 suppeterent,
1532 1773 1689 1813 semper

300 1826 588 1868 verisimilibus
609 1826 870 1882 pugnavisse,
894 1835 941 1866 ut
965 1826 1037 1881 qui
1067 1840 1153 1865 rem
1184 1825 1314 1881 ipsam
1345 1825 1510 1880 penitus
1539 1825 1687 1865 intueri

301 1910 383 1936 non
404 1903 582 1951 possent,
605 1894 738 1950 specie
768 1893 910 1935 saltem
941 1893 1079 1949 aliqua
1108 1902 1148 1934 et
1178 1892 1467 1949 probabilitate
1496 1903 1687 1948 caperen-

301 1972 381 2005 tur.
442 1962 552 2003 Olim
571 1963 685 2018 quod
706 1971 862 2003 veteres
884 1962 1120 2011 Christiani,
1141 1971 1279 2017 patres
1307 1961 1450 2010 nostri,
1471 1976 1564 2002 cum
1596 1977 1686 2016 pre-

299 2046 365 2072 ces
406 2032 498 2071 Deo
537 2031 793 2080 adhiberent,
831 2030 883 2071 ad
919 2030 1129 2071 Orientem
1171 2029 1294 2070 solem
1337 2038 1686 2080 converterentur,

299 2108 415 2140 erant
435 2100 507 2155 qui
528 2099 723 2149 dicerent,
745 2114 813 2140 eos
846 2098 981 2139 Solem
1002 2098 1200 2147 venerari,
1222 2106 1263 2138 et
1292 2097 1443 2138 habere
1473 2112 1549 2153 pro
1579 2098 1682 2137 Deo.

300 2169 493 2223 Cumque
518 2167 574 2207 illi
605 2167 786 2207 dicerent
812 2182 867 2216 se,
890 2166 1004 2222 qnod
1034 2166 1086 2206 ad
1117 2175 1311 2206 aeternam
1342 2174 1382 2205 et
1413 2164 1682 2205 immortalem

300 2236 425 2277 vitam
457 2235 618 2285 attinet,
641 2250 723 2275 non
753 2235 941 2276 alicunde
962 2234 1113 2284 vivere,
1136 2249 1260 2289 quam
1292 2233 1343 2274 de
1374 2248 1494 2274 carne
1524 2242 1564 2273 et
1595 2248 1683 2273 san-

296 2303 423 2358 guine
444 2303 533 2359 ejus
554 2303 684 2358 Agni,
706 2302 777 2358 qui
801 2317 881 2343 non
903 2302 1073 2343 haberet
1094 2301 1242 2350 labem,
1265 2301 1341 2341 hoc
1369 2309 1443 2349 est,
1467 2300 1682 2340 servatoris

83 2372 424 2422 1d.cap.7‚8,nostri
445 2374 474 2412 J
478 2387 547 2413 esu
571 2371 748 2417 Christi:
783 2371 910 2411 invidi
941 2380 981 2411 et
1010 2370 1161 2411 inimici
1187 2369 1318 2410 crucis
1340 2368 1508 2417 Christi,
1528 2368 1681 2423 quibus

82 2435 112 2465 9.

296 2440 336 2479 id
361 2449 520 2481 tantum
543 2449 629 2481 erat
647 2455 771 2489 curae,
789 2449 836 2480 ut
851 2438 993 2494 religio
1011 2438 1244 2479 Christiana
1259 2452 1508 2492 quacunque
1523 2436 1680 2477 ratione

298 2507 402 2547 male
423 2507 598 2557 audiret,
621 2516 912 2563 persuaserunt
932 2505 1100 2562 popuIO,
1123 2521 1208 2546 esse
1228 2521 1296 2545 eos
1316 2504 1500 2545 homines
1517 2503 1678 2559 impios,

298 2584 474 2616 mactare
501 2576 702 2616 humanas
732 2575 898 2624 hostias,
919 2584 960 2615 et
991 2574 1230 2630 sanguinem
1262 2574 1490 2613 humanum
1521 2572 1674 2612 bibere.

300 2646 493 2699 Cumque
512 2643 568 2683 illi
590 2643 785 2693 dicerent,
808 2643 920 2699 apud
943 2644 1079 2683 Deum
1103 2657 1175 2682 nec
1205 2656 1356 2682 marem
1388 2655 1472 2681 esse
1501 2655 1574 2680 nec
1605 2640 1678 2680 foe-

297 2711 465 2761 minam,
488 2725 560 2751 nee
580 2711 760 2761 omnino,
777 2711 890 2766 quod
911 2711 963 2751 ad
979 2710 1182 2766 justitiam
1199 2707 1501 2764 adipiscendam
1517 2707 1677 2755 attinet,

297 2778 596 2819 distinctionem
619 2794 703 2818 esse
726 2778 849 2818 ullam
875 2793 1156 2833 personarum,
1179 2792 1303 2831 seque
1332 2790 1472 2815 omnes
1502 2774 1607 2815 inter
1638 2790 1678 2814 se
