1799 3077
529 151 825 192 ANNALES
857 150 1141 192 PAULINI.
1446 153 1526 195 371

133 274 252 315 esset,
273 264 506 306 innocentia
534 265 623 320 ejus
648 273 768 320 grata
794 279 875 305 non
897 273 998 314 erat,
1021 279 1108 320 cap.
1133 265 1200 305 23.
1263 265 1423 314 Quarto
1446 266 1530 305 Im·
1556 274 1734 313 AEraevulg.

132 333 235 389 perii
267 348 375 373 anno
404 334 516 373 Nero
544 334 741 388 Poppaeae
768 348 906 373 amore
937 332 1112 388 capitur,
1135 331 1375 388 Agrippina
1393 342 1530 374 conte·
1608 318 1677 346 LX.

132 401 303 451 mnitur,
341 411 538 456 tanquam
578 400 631 440 ad
672 400 787 441 libita
823 400 1024 442 Pallantis
1063 400 1294 456 provoluta.
1357 401 1527 451 Quinto,
1580 404 1714 434 Neronis

133 468 372 524 Agrippina
402 468 489 524 ipsa
519 467 734 518 occiditur,
763 478 804 509 et
836 468 891 509 sic
921 467 1004 509 odii
1033 467 1232 508 Pallantis
1258 468 1372 523 apud
1399 469 1530 509 Nero-
1628 445 1659 476 δ’

134 551 241 586 nem,
264 545 484 592 postquam
507 536 693 592 potentia
713 547 866 578 exutus
885 545 959 586 est,
982 536 1103 577 unica
1123 551 1246 576 causa
1273 535 1434 577 sublata
1455 546 1527 578 est.

134 605 235 645 Post
262 604 513 660 Agrippinae
543 604 696 645 caedem
728 604 843 645 nulla
870 603 1070 645 Pallantis
1097 604 1210 660 apud
1240 604 1448 644 Neronem
1470 605 1531 645 of-

131 671 263 712 fensio
292 683 555 713 memoratur.
618 673 742 713 Nono
763 672 928 713 tandem
953 671 1124 727 Imperii
1146 687 1255 712 anno
1276 687 1434 712 veneno
1455 672 1531 712 tol-

131 738 231 779 litur
261 739 415 780 nullius
445 739 623 781 criminis
651 755 760 788 reus,
784 739 939 779 nullius
967 753 1085 778 novae
1105 739 1219 794 apud
1241 740 1449 780 Neronem
1471 739 1532 780 of-

133 806 327 847 fensionis
358 808 458 860 (non
491 807 599 848 enim
630 807 711 856 ille,
742 807 812 847 sed
842 807 1121 863 Doryphorus
1149 807 1306 863 nuptiis
1336 809 1531 863 Poppaeae

133 875 374 915 adversatus
401 878 508 930 est:)
543 875 613 915 sed
642 891 693 916 ex
721 874 891 915 arbitrio
918 875 1140 930 Tigellini,
1169 891 1215 915 ac
1243 876 1532 917 tantummodo

133 943 248 998 quod
277 943 517 984 immensam
550 943 769 1000 pecuniam
799 943 923 999 longa
953 952 1115 984 senecta
1141 943 1354 984 detineret.
1393 945 1530 985 Tacit.

133 1010 214 1051 xiv.
238 1010 304 1053 65.
367 1012 510 1062 Qualis
531 1012 612 1053 fuit
632 1011 758 1068 paulo
785 1020 881 1052 ante
901 1011 1106 1053 accusatio
1130 1013 1309 1062 Senecae,
1332 1020 1529 1068 tanquam

133 1079 321 1136 ingentes
350 1089 390 1121 et
420 1081 630 1136 privatum
661 1081 832 1121 modum
864 1089 1024 1121 evectas
1054 1096 1152 1136 opes
1182 1080 1319 1121 adhuc
1346 1090 1529 1136 augeret.

142 1149 276 1189 Tacit.
299 1147 382 1189 xiv.
399 1150 469 1190 52.
502 1148 657 1197 Quidni
678 1147 806 1204 igitur
828 1162 888 1188 VI.
908 1147 1085 1188 Neronis
1106 1163 1214 1188 anno
1228 1149 1316 1203 jam
1338 1157 1529 1198 exeunte,

135 1224 250 1256 tanta
281 1215 418 1257 Pallas
452 1216 566 1272 apud
602 1232 697 1257 eum
732 1216 866 1272 gratia
901 1216 1080 1264 floreret,
1114 1225 1161 1257 ut
1191 1217 1361 1258 fratrem
1392 1231 1528 1266 suum,

135 1299 258 1339 quem
288 1285 401 1325 Nero
427 1284 514 1340 ipse
540 1287 858 1326 Procuratorem
886 1284 1052 1335 fecerat,
1076 1300 1100 1325 a
1120 1284 1262 1341 paucis
1283 1286 1312 1325 J
1317 1284 1447 1326 udaeis
1467 1300 1531 1325 ac-

134 1362 324 1393 cusatum
345 1353 567 1394 liberaret?

195 1422 303 1461 Cum
326 1422 476 1462 Festus
497 1421 609 1462 venit
630 1421 672 1461 in
693 1420 961 1477 provinciam,
987 1422 1176 1462 Caesarea
1198 1421 1318 1462 tertio
1340 1421 1406 1462 die
1429 1421 1532 1461 Hie-

136 1489 342 1545 rosolyma
371 1489 532 1545 attigit;
567 1489 639 1530 ubi
667 1489 810 1530 Judaei
840 1489 1021 1530 Paulum
1050 1498 1254 1530 accusant.
1318 1490 1468 1530 Festus
1489 1504 1531 1528 se

135 1573 204 1598 eos
230 1557 472 1598 auditurum
499 1557 717 1613 promittit,
740 1566 960 1613 postquam
985 1559 1214 1598 Caesaream
1240 1572 1450 1613 regressus
1470 1565 1531 1596 est

136 1635 230 1681 post
249 1625 336 1665 dies
358 1640 397 1665 x.
443 1625 524 1665 Die
546 1640 606 1666 XI.
630 1641 654 1665 a
676 1626 801 1665 Festo
822 1625 990 1666 auditus
1013 1627 1217 1666 Caesarem
1240 1624 1432 1681 appellat.
1474 1625 1532 1665 Et

136 1708 229 1734 cum
252 1692 338 1733 dies
358 1692 516 1749 aliquot
538 1693 803 1742 transiissent,
820 1692 932 1734 venit
955 1693 1150 1750 Agrippa
1172 1695 1418 1744 Caesaream,
1441 1694 1530 1734 Act.

137 1777 234 1801 xxv.
296 1763 356 1802 Et
387 1777 481 1802 cum
516 1761 656 1817 plures
687 1761 774 1802 dies
808 1761 865 1802 ibi
902 1772 1240 1811 commoraretur,
1274 1761 1433 1802 Paulus
1468 1776 1534 1802 co-

137 1844 225 1869 ram
253 1829 446 1885 Agrippa
479 1829 745 1885 producitur:
780 1838 821 1870 et
851 1829 1043 1870 dimissus
1071 1839 1170 1870 tunc
1197 1829 1358 1880 fuisset,
1387 1829 1418 1870 si
1450 1844 1532 1870 non

137 1897 381 1953 appellasset
404 1899 624 1947 Caesarem,
647 1898 736 1938 Act.
759 1897 871 1938 xxvi.
894 1899 962 1938 32.

197 1967 237 2007 S.
261 1965 420 2006 Paulus
446 1974 589 2021 postea
615 1965 763 2006 missus
789 1976 849 2006 est
876 1967 1070 2015 Romam,
1094 1974 1134 2006 et
1159 1974 1252 2021 post
1273 1965 1361 2006 dies
1380 1965 1533 2007 multos
1635 1988 1664 2021 7,

137 2034 292 2089 ejectus
312 2043 373 2074 est
393 2033 434 2074 in
457 2033 648 2074 Melitam
672 2033 874 2074 Insulam.

199 2103 238 2142 S.
265 2101 423 2142 Paulus
450 2111 668 2157 postquam
697 2117 771 2158 per
800 2111 881 2142 tres
909 2116 1068 2142 menses
1096 2100 1257 2142 Melitae
1283 2101 1530 2158 hyemasset,
1603 2112 1688 2141 LXI.

138 2185 212 2226 per
240 2171 477 2226 Syracusas,
501 2169 713 2225 Rhegium
742 2180 782 2211 et
810 2169 1021 2218 Puteolos,
1045 2170 1224 2210 Romam
1246 2168 1372 2220 venit,
1393 2184 1532 2211 mense
1580 2201 1714 2230 Neronis

138 2236 382 2286 Februario,
406 2237 583 2278 Neronis
602 2252 682 2278 vn.
1634 2249 1661 2282 7-

197 2307 308 2346 Cum
340 2306 518 2346 Romam
547 2315 751 2346 venerunt
781 2305 927 2361 reliqui
958 2304 1001 2345 in
1034 2305 1205 2346 vinculis
1229 2321 1254 2346 a
1280 2305 1534 2347 Centurione

139 2372 280 2414 traditi
312 2381 409 2413 sunt
438 2375 491 2427 τῷ
520 2373 847 2429 στρατοπεδάρχῃ,
875 2373 1080 2414 Praefecto
1102 2373 1318 2423 Praetorio,
1341 2373 1413 2429 qui
1435 2382 1534 2415 tunc

140 2456 248 2481 unus
279 2450 380 2491 erat,
410 2440 560 2482 scilicet
588 2441 793 2482 Burrhus.
853 2442 983 2481 Anno
1003 2440 1112 2481 enim
1134 2441 1318 2497 sequenti
1343 2441 1535 2482 Buri-hus

139 2518 330 2549 mortuus
360 2518 435 2559 est,
463 2518 503 2549 et
534 2508 620 2549 duo
649 2509 747 2549 facti
778 2517 874 2549 sunt
901 2508 1094 2549 Praefecti
1123 2509 1336 2550 Praetorio.
1399 2509 1535 2551 Vincti

140 2576 309 2633 quidem
337 2592 388 2617 ex
415 2576 636 2632 provinciis
663 2577 716 2617 ad
739 2577 963 2617 Praefectos
986 2576 1174 2617 Praetorii
1202 2577 1309 2618 mitti
1335 2577 1532 2619 solebant.

147 2647 330 2701 Trajan.
353 2645 409 2684 ad
429 2645 544 2685 Plin.
566 2660 629 2701 ep.
654 2644 720 2686 65.
783 2644 917 2685 Paulo
944 2654 1081 2685 autem
1103 2645 1348 2701 permissum
1370 2662 1536 2687 manere

143 2712 305 2753 sibimet
322 2727 417 2753 cum
438 2712 695 2754 custodiente
717 2728 758 2753 se
779 2711 921 2762 milite,
943 2713 1031 2753 Act.
1054 2712 1192 2753 xxviii.
1212 2712 1281 2754 16.

202 2780 364 2821 sicariis
384 2781 580 2821 Judaeam
609 2796 654 2821 ac
682 2780 890 2837 praecipue
913 2780 1205 2837 Hierosolyma
1230 2781 1533 2826 infestantibus.

781 2849 900 2889 BbQ
