1799 3077
265 120 350 160 310
457 137 463 140 ’
594 116 829 157 NOELLI
863 113 1328 156 CATECHISMUS.

267 247 363 274 eum
383 229 593 285 consequi,
614 243 793 284 eumque
813 228 1016 269 bonorum
1038 226 1224 267 omnium
1248 224 1416 265 unicum
1446 224 1563 265 nobis
1582 239 1656 265 au-

268 301 430 343 thorem
459 314 545 340 esse
574 298 752 353 ingenue
781 310 1063 352 agnoscamus.
1125 295 1233 335 Nam
1256 309 1280 334 a
1299 308 1385 349 quo
1404 292 1565 333 veniam
1586 293 1659 333 bo-

270 385 407 425 naque
426 366 564 409 omnia
588 379 819 422 precamur,
842 363 957 404 danti
976 363 1033 403 illi
1063 362 1239 419 gratiam
1259 377 1342 402 non
1361 361 1514 402 habere
1533 369 1659 416 atque

272 452 408 493 agere,
434 449 596 477 summa
624 432 810 489 profecto
840 441 945 472 esset
976 430 1246 486 ingratitudo.
1305 428 1531 470 SMeritam
1563 443 1662 484 ergo

273 506 367 546 Deo
389 501 609 544 immortali
637 499 813 556 gratiam
844 498 1016 539 memori
1045 507 1196 548 mente,
1219 507 1260 540 et
1283 497 1407 554 justis
1436 496 1662 538 honoribus

274 571 506 630 persolvere
526 579 729 626 perpetuo
749 567 960 608 debemus.

336 641 400 681 M.
434 640 580 693 Perge.

335 709 391 750 A.
425 708 633 748 Praeterea
656 719 753 745 vero
784 703 980 744 Divinam
1010 702 1251 753 bonitatem,
1268 701 1488 758 justitiam,
1510 700 1667 756 sapien-

279 776 392 826 tiam,
414 773 641 831 potentiam
662 772 880 813 tlaudibus
908 771 1101 827 prosequi
1128 779 1168 811 et
1188 770 1406 819 celebrare,
1427 768 1569 824 illique
1595 783 1668 809 no-

280 853 378 894 stro,
400 859 447 884 ac
467 841 594 882 totius
613 839 785 881 humani
803 839 965 896 generis
985 838 1162 889 nomine,
1184 848 1320 895 grates
1350 852 1484 894 agere,
1502 846 1563 877 est
1583 836 1669 878 cul-

281 922 349 954 tus
369 911 451 952 Dei
471 925 580 966 pars,
602 909 655 950 ad
676 909 765 965 ejus
785 908 1040 964 majestatem
1062 922 1181 962 aeque
1201 922 1247 948 ac
1273 905 1476 947 invocatio
1503 904 1670 961 proprie

281 980 515 1038 pertinens;
549 993 634 1034 qua
663 977 740 1017 nisi
770 991 864 1017 eum
895 976 972 1016 rite
1005 975 1202 1025 colamus,
1233 989 1315 1015 non
1348 974 1479 1014 solum
1510 972 1671 1028 indigni

283 1049 372 1104 ejus
393 1056 415 1074 u
428 1055 490 1088 tot
511 1045 717 1101 tantisque
738 1042 958 1093 beneficiis,
980 1052 1028 1083 ut
1047 1042 1213 1098 ingrati,
1238 1042 1307 1082 sed
1330 1051 1371 1082 et
1391 1041 1553 1082 aeternis
1574 1055 1671 1096 sup-

283 1115 428 1173 pliciis,
447 1124 494 1156 ut
513 1114 555 1155 in
577 1115 717 1154 Deum
737 1111 867 1168 impii,
885 1110 1112 1167 dignissimi
1133 1111 1318 1167 profecto
1337 1110 1500 1151 erimus.

342 1185 407 1224 M.
441 1184 580 1232 Quum
610 1182 662 1222 ab
691 1180 929 1221 hominibus
959 1179 1081 1220 etiam
1112 1178 1310 1220 beneficia
1337 1177 1599 1234 accipiamus,
1621 1192 1674 1218 an

285 1266 365 1294 non
389 1261 430 1291 et
448 1249 527 1290 illis
545 1248 698 1305 gratias
715 1263 836 1304 agere
854 1247 916 1288 fas
937 1246 1044 1287 erit?

343 1320 400 1359 A.
444 1319 716 1371 Quaecunque
750 1315 868 1356 nobis
902 1314 1100 1356 beneficia
1133 1314 1319 1355 homines
1353 1313 1561 1364 deferunt,
1592 1322 1677 1353 Xea.

288 1389 381 1428 Deo
410 1393 577 1440 accepta
609 1384 761 1425 referre
791 1383 1014 1431 debemusz,
1053 1382 1167 1438 quod
1198 1397 1307 1423 unus
1336 1381 1404 1422 ille
1432 1397 1574 1422 revera
1604 1380 1677 1421 ho-

288 1455 447 1497 minum
478 1469 526 1494 ea
554 1451 779 1493 ministerio
808 1451 1019 1508 largiatur.
1083 1451 1150 1492 Ob
1181 1465 1307 1506 quam
1341 1449 1464 1491 etiam
1496 1464 1677 1499 causam,

291 1521 453 1564 tametsi
482 1520 668 1561 homines
702 1519 873 1560 benefici
908 1528 948 1560 et
978 1518 1164 1559 liberales
1194 1534 1279 1559 esse
1311 1533 1393 1558 non
1429 1518 1595 1568 debent,
1631 1526 1679 1558 ut

290 1590 465 1648 gratiam
487 1588 669 1644 exigant,
692 1587 762 1629 sed
784 1599 831 1629 ut
851 1587 965 1628 yDei
992 1586 1166 1643 gloriam
1187 1586 1406 1636 illustrent,
1428 1586 1507 1627 illis
1527 1596 1679 1635 tamen,

292 1660 365 1716 qui
386 1657 670 1714 zbenignitate
690 1656 875 1707 adducti,
896 1672 970 1713 per
997 1656 1243 1698 beneficium
1264 1665 1304 1696 et
1328 1655 1503 1711 gratiam
1524 1654 1682 1711 aliquid

293 1726 411 1769 nobis
431 1725 677 1774 concedunt,
699 1724 852 1780 gratias
877 1739 999 1780 agere
1019 1724 1122 1780 quid
1143 1723 1185 1764 ni
1207 1723 1357 1773 licebit,
1380 1739 1511 1779 quum
1533 1733 1574 1764 et
1594 1723 1683 1779 ipsa

294 1796 336 1837 id
363 1793 545 1851 postulet
564 1801 582 1821 a
596 1792 783 1848 aequitas,
806 1802 846 1834 et
865 1792 924 1833 ita
943 1791 1212 1832 humanitatis
1234 1792 1350 1847 Lege
1377 1791 1683 1847 astringamur?

298 1861 379 1903 Sed
400 1871 440 1902 et
462 1862 579 1901 Deus
598 1859 686 1916 ipse
705 1859 782 1900 hac
812 1875 886 1900 nos
912 1859 992 1899 illis
1021 1858 1178 1900 ratione
1199 1858 1446 1909 devinciens,
1468 1874 1541 1899 nos
1560 1857 1603 1898 id
1624 1857 1685 1913 ip-

298 1945 388 1972 sum
410 1928 500 1970 vult
521 1944 751 1985 agnoscere.

356 1999 420 2041 M.
455 1998 634 2039 Gratum
656 2012 754 2053 ergo
775 1996 957 2037 animum
980 1995 1101 2036 etiam
1122 1995 1165 2035 in
1185 1995 1371 2036 homines
1391 1994 1570 2051 probas?

356 2068 412 2110 A.
452 2065 669 2113 Maxime3
702 2079 833 2121 quum
865 2063 1093 2120 gratitudo,
1126 2072 1174 2104 ut
1206 2063 1264 2104 ita
1297 2063 1458 2119 loquar,
1490 2078 1588 2118 erga
1616 2061 1689 2102 ho-

300 2135 429 2176 mines
459 2144 611 2183 nostra,
639 2132 693 2174 ad
721 2134 862 2174 Deum
894 2131 1031 2188 ipsum
1062 2131 1217 2182 redeat,
1240 2131 1354 2187 quod
1384 2146 1409 2171 a
1438 2130 1692 2172 liberalitatis

302 2202 468 2246 Divinae
496 2201 624 2250 fonte,
648 2199 766 2255 quasi
796 2198 976 2255 quadam
1008 2198 1236 2239 rivulorum
1268 2198 1528 2248 deductione,
1550 2197 1693 2238 bbona

303 2286 377 2311 sua
406 2285 480 2326 per
504 2283 650 2309 manus
679 2266 894 2307 hominum
918 2267 1034 2307 Deus
1064 2266 1104 2306 in
1138 2281 1212 2306 nos
1239 2265 1408 2306 derivet.
1470 2265 1621 2320 Itaque
1651 2263 1693 2304 ni

303 2337 540 2380 hominibus
570 2351 644 2376 nos
674 2345 814 2391 gratos
849 2334 1122 2390 praebeamus,
1155 2333 1195 2374 in
1225 2333 1361 2389 ipsum
1393 2332 1515 2373 etiam
1552 2333 1693 2373 Deum

305 2404 455 2460 ingrati
478 2403 641 2445 erimus.
704 2404 892 2445 Tantum
913 2402 990 2444 hoc
1011 2417 1217 2453 curemus,
1240 2411 1287 2443 ut
1307 2401 1360 2442 ad
1382 2402 1521 2442 Deum
1542 2400 1693 2456 ipsum,

351 2550 361 2563 ⁵
377 2544 460 2574 Psal.
477 2545 550 2574 xcii.
569 2555 595 2574 1.
619 2544 707 2574 xciii.
732 2543 797 2573 ciii.
813 2542 900 2573 totis.
1009 2541 1116 2572 trsal.
1135 2541 1225 2572 xxix.
1243 2551 1270 2578 1,
1290 2550 1318 2571 2.
1342 2541 1364 2571 1.
1387 2549 1436 2578 14,
1458 2547 1508 2579 15,
1526 2548 1576 2577 ²3·
1599 2539 1695 2568 Rom.

310 2606 362 2626 xv.
378 2597 408 2627 6.
611 2604 625 2617 ¹¹
644 2598 721 2629 Luc.
738 2597 816 2627 xvii.
837 2596 884 2626 18.
914 2596 1010 2626 Joan.
1027 2606 1057 2626 v.
1073 2604 1125 2633 44.
1158 2596 1253 2626 Rom.
1268 2595 1291 2625 i.
1309 2603 1361 2631 21,
1382 2602 1431 2631 24.
1467 2603 1479 2624 1
1499 2593 1567 2622 Pet.
1584 2592 1627 2621 iv.
1647 2599 1695 2621 11.

309 2656 324 2669 ¹
345 2660 355 2681 1
377 2652 450 2681 Cor.
468 2651 524 2680 xii.
541 2650 574 2688 6,
595 2661 643 2681 11.
679 2661 695 2681 2
713 2651 788 2681 Cor.
804 2651 847 2680 ix.
864 2659 897 2691 9,
914 2659 962 2680 12.
999 2659 1009 2679 1
1028 2650 1094 2680 Pet.
1110 2649 1151 2679 iv.
1171 2659 1221 2686 10,
1240 2657 1286 2678 ιι.
1472 2652 1486 2671 y
1504 2646 1585 2675 Mat.
1602 2655 1631 2674 v.
1650 2644 1697 2675 16.

314 2714 326 2734 ι
346 2704 412 2736 Pet.
427 2704 459 2733 ii.
479 2713 526 2734 η.
677 2711 689 2724 2
705 2705 789 2736 Psal.
806 2704 871 2736 xvi.
888 2713 922 2743 3.
1082 2709 1095 2723 ὃ
1113 2704 1194 2734 Mat.
1212 2714 1240 2733 v.
1257 2712 1312 2741 43,
1330 2701 1384 2738 46,
1402 2707 1455 2739 47.
1487 2699 1565 2730 Luc.
1585 2698 1625 2728 vi.
1641 2707 1697 2737 32,

311 2768 364 2797 33,
382 2767 434 2798 34-
463 2760 532 2789 Act-
550 2759 636 2789 xxiv.
656 2768 686 2794 2,
703 2768 733 2797 3.
866 2756 879 2777 '¹
900 2768 910 2789 1
929 2758 1003 2787 Cor.
1021 2757 1077 2788 xii.
1095 2755 1127 2793 6,
1149 2766 1197 2787 ιι.
1232 2766 1240 2785 1
1264 2756 1331 2786 Pet.
1345 2754 1386 2784 iv.
1407 2762 1458 2790 ιο,
1478 2762 1524 2783 11.
