<?xml version="1.0" encoding="UTF-8"?>
<!DOCTYPE html PUBLIC "-//W3C//DTD XHTML 1.0 Transitional//EN"
    "http://www.w3.org/TR/xhtml1/DTD/xhtml1-transitional.dtd">
<html xmlns="http://www.w3.org/1999/xhtml" xml:lang="en" lang="en">
 <head>
  <title>
</title>
<meta http-equiv="Content-Type" content="text/html;charset=utf-8" />
  <meta name='ocr-system' content='tesseract 3.04.00' />
  <meta name='ocr-capabilities' content='ocr_page ocr_carea ocr_par ocr_line ocrx_word'/>
</head>
<body>
  <div class='ocr_page' id='page_1' title='image "./enchiridiontheol01rand_0380.png"; bbox 0 0 1799 3077; ppageno 0'>
   <div class='ocr_carea' id='block_1_1' title="bbox 109 280 289 351">
    <p class='ocr_par' dir='ltr' id='par_1_1' title="bbox 109 280 289 351">
     <span class='ocr_line' id='line_1_1' title="bbox 109 280 289 318; baseline 0.006 -11"><span class='ocrx_word' id='word_1_1' title='bbox 109 280 191 308; x_wconf 76' lang='lat' dir='ltr'>AErae</span> <span class='ocrx_word' id='word_1_2' title='bbox 207 280 289 318; x_wconf 77' lang='lat' dir='ltr'>vulg.</span> 
     </span>
     <span class='ocr_line' id='line_1_2' title="bbox 168 322 236 351; baseline 0.015 -1"><span class='ocrx_word' id='word_1_3' title='bbox 168 322 236 351; x_wconf 79' lang='lat' dir='ltr'>Lu.</span> 
     </span>
    </p>
   </div>
   <div class='ocr_carea' id='block_1_2' title="bbox 98 381 301 388">
    <p class='ocr_par' dir='ltr' id='par_1_2' title="bbox 98 381 301 388">
     <span class='ocr_line' id='line_1_3' title="bbox 98 381 301 388; baseline 0 2689"><span class='ocrx_word' id='word_1_4' title='bbox 98 381 301 388; x_wconf 95' lang='lat' dir='ltr'> </span> 
     </span>
    </p>
   </div>
   <div class='ocr_carea' id='block_1_3' title="bbox 140 409 262 482">
    <p class='ocr_par' dir='ltr' id='par_1_3' title="bbox 140 409 262 482">
     <span class='ocr_line' id='line_1_4' title="bbox 140 409 262 438; baseline -0.008 0"><span class='ocrx_word' id='word_1_5' title='bbox 140 409 262 438; x_wconf 72' lang='lat' dir='ltr'>Claudii</span> 
     </span>
     <span class='ocr_line' id='line_1_5' title="bbox 178 460 225 482; baseline 0 -1"><span class='ocrx_word' id='word_1_6' title='bbox 178 460 225 482; x_wconf 71' lang='grc' dir='ltr'>ιι.</span> 
     </span>
    </p>
   </div>
   <div class='ocr_carea' id='block_1_4' title="bbox 315 151 1172 195">
    <p class='ocr_par' dir='ltr' id='par_1_4' title="bbox 315 151 1172 195">
     <span class='ocr_line' id='line_1_6' title="bbox 315 151 1172 195; baseline -0.002 0"><span class='ocrx_word' id='word_1_7' title='bbox 315 151 400 195; x_wconf 77' lang='grc'>366</span> <span class='ocrx_word' id='word_1_8' title='bbox 837 152 1172 193; x_wconf 84' lang='lat' dir='ltr'>PEARSONII</span> 
     </span>
    </p>
   </div>
   <div class='ocr_carea' id='block_1_5' title="bbox 312 266 1706 2856">
    <p class='ocr_par' dir='ltr' id='par_1_5' title="bbox 313 266 1706 1812">
     <span class='ocr_line' id='line_1_7' title="bbox 372 266 1706 323; baseline 0.001 -15"><span class='ocrx_word' id='word_1_9' title='bbox 372 266 516 323; x_wconf 84' lang='lat' dir='ltr'>Pergit</span> <span class='ocrx_word' id='word_1_10' title='bbox 535 266 889 308; x_wconf 79' lang='lat' dir='ltr'>Orosius—Anno</span> <span class='ocrx_word' id='word_1_11' title='bbox 914 267 1003 322; x_wconf 76' lang='lat' dir='ltr'>ejus</span> <span class='ocrx_word' id='word_1_12' title='bbox 1029 281 1101 306; x_wconf 73' lang='lat' dir='ltr'>vn.</span> <span class='ocrx_word' id='word_1_13' title='bbox 1130 266 1412 308; x_wconf 77' lang='lat' dir='ltr'>Procuratm·e</span> <span class='ocrx_word' id='word_1_14' title='bbox 1435 268 1600 309; x_wconf 80' lang='lat' dir='ltr'><em>Judaeae</em></span> <span class='ocrx_word' id='word_1_15' title='bbox 1625 271 1706 310; x_wconf 80' lang='lat' dir='ltr'>Cu-</span> 
     </span>
     <span class='ocr_line' id='line_1_8' title="bbox 313 333 1704 391; baseline 0.001 -14"><span class='ocrx_word' id='word_1_16' title='bbox 313 350 437 377; x_wconf 79' lang='lat' dir='ltr'>mano</span> <span class='ocrx_word' id='word_1_17' title='bbox 457 336 764 391; x_wconf 68' lang='lat' dir='ltr'><em>Hierosolymis</em></span> <span class='ocrx_word' id='word_1_18' title='bbox 789 334 937 375; x_wconf 77' lang='lat' dir='ltr'>seditio</span> <span class='ocrx_word' id='word_1_19' title='bbox 963 335 1011 374; x_wconf 80' lang='lat' dir='ltr'>in</span> <span class='ocrx_word' id='word_1_20' title='bbox 1038 333 1180 374; x_wconf 72' lang='lat' dir='ltr'>diebus</span> <span class='ocrx_word' id='word_1_21' title='bbox 1199 348 1444 391; x_wconf 73' lang='lat' dir='ltr'><em>azymorum</em></span> <span class='ocrx_word' id='word_1_22' title='bbox 1465 343 1611 378; x_wconf 77' lang='lat' dir='ltr'>eoeorta</span> <span class='ocrx_word' id='word_1_23' title='bbox 1631 345 1704 379; x_wconf 74' lang='lat' dir='ltr'>est.</span> 
     </span>
     <span class='ocr_line' id='line_1_9' title="bbox 315 401 1704 455; baseline 0.001 -10"><span class='ocrx_word' id='word_1_24' title='bbox 315 405 421 455; x_wconf 83' lang='lat' dir='ltr'>Quae</span> <span class='ocrx_word' id='word_1_25' title='bbox 441 403 562 445; x_wconf 90' lang='lat' dir='ltr'>etiam</span> <span class='ocrx_word' id='word_1_26' title='bbox 584 418 635 444; x_wconf 86' lang='lat' dir='ltr'>ex</span> <span class='ocrx_word' id='word_1_27' title='bbox 656 402 830 443; x_wconf 87' lang='lat' dir='ltr'>Eusebii</span> <span class='ocrx_word' id='word_1_28' title='bbox 852 401 1059 443; x_wconf 87' lang='lat' dir='ltr'>Chronico</span> <span class='ocrx_word' id='word_1_29' title='bbox 1079 401 1251 449; x_wconf 84' lang='lat' dir='ltr'>habuit;</span> <span class='ocrx_word' id='word_1_30' title='bbox 1285 402 1355 443; x_wconf 92' lang='lat' dir='ltr'>sed</span> <span class='ocrx_word' id='word_1_31' title='bbox 1375 413 1418 445; x_wconf 89' lang='lat' dir='ltr'>et</span> <span class='ocrx_word' id='word_1_32' title='bbox 1437 419 1486 445; x_wconf 90' lang='lat' dir='ltr'>ea</span> <span class='ocrx_word' id='word_1_33' title='bbox 1505 420 1603 446; x_wconf 88' lang='lat' dir='ltr'>vera</span> <span class='ocrx_word' id='word_1_34' title='bbox 1621 420 1704 447; x_wconf 90' lang='lat' dir='ltr'>non</span> 
     </span>
     <span class='ocr_line' id='line_1_10' title="bbox 316 469 1704 529; baseline 0.001 -15"><span class='ocrx_word' id='word_1_35' title='bbox 316 482 435 514; x_wconf 91' lang='lat' dir='ltr'>sunt:</span> <span class='ocrx_word' id='word_1_36' title='bbox 469 473 565 513; x_wconf 92' lang='lat' dir='ltr'>Non</span> <span class='ocrx_word' id='word_1_37' title='bbox 595 471 703 513; x_wconf 92' lang='lat' dir='ltr'>enim</span> <span class='ocrx_word' id='word_1_38' title='bbox 729 485 807 511; x_wconf 84' lang='lat' dir='ltr'>vn.</span> <span class='ocrx_word' id='word_1_39' title='bbox 841 469 1007 512; x_wconf 84' lang='lat' dir='ltr'>Claudii</span> <span class='ocrx_word' id='word_1_40' title='bbox 1036 485 1145 515; x_wconf 86' lang='lat' dir='ltr'>anno</span> <span class='ocrx_word' id='word_1_41' title='bbox 1176 471 1405 524; x_wconf 85' lang='lat' dir='ltr'>Cumanus,</span> <span class='ocrx_word' id='word_1_42' title='bbox 1427 472 1505 514; x_wconf 92' lang='lat' dir='ltr'>sub</span> <span class='ocrx_word' id='word_1_43' title='bbox 1533 489 1618 529; x_wconf 94' lang='lat' dir='ltr'>quo</span> <span class='ocrx_word' id='word_1_44' title='bbox 1648 474 1704 515; x_wconf 84' lang='lat' dir='ltr'>ait</span> 
     </span>
     <span class='ocr_line' id='line_1_11' title="bbox 315 538 1703 589; baseline 0.001 -6"><span class='ocrx_word' id='word_1_45' title='bbox 315 541 554 583; x_wconf 87' lang='lat' dir='ltr'>seditionem</span> <span class='ocrx_word' id='word_1_46' title='bbox 573 539 684 581; x_wconf 90' lang='lat' dir='ltr'>illam</span> <span class='ocrx_word' id='word_1_47' title='bbox 709 538 905 589; x_wconf 82' lang='lat' dir='ltr'><strong>extitisse,</strong></span> <span class='ocrx_word' id='word_1_48' title='bbox 927 538 998 580; x_wconf 85' lang='lat' dir='ltr'>sed</span> <span class='ocrx_word' id='word_1_49' title='bbox 1020 538 1218 580; x_wconf 91' lang='lat' dir='ltr'>Tiberius</span> <span class='ocrx_word' id='word_1_50' title='bbox 1237 539 1479 582; x_wconf 86' lang='lat' dir='ltr'><strong>Alexander</strong></span> <span class='ocrx_word' id='word_1_51' title='bbox 1501 542 1703 584; x_wconf 84' lang='lat' dir='ltr'>Procura-</span> 
     </span>
     <span class='ocr_line' id='line_1_12' title="bbox 317 608 1706 663; baseline 0.001 -12"><span class='ocrx_word' id='word_1_52' title='bbox 317 620 381 651; x_wconf 83' lang='lat' dir='ltr'>tor</span> <span class='ocrx_word' id='word_1_53' title='bbox 399 611 428 651; x_wconf 89' lang='lat' dir='ltr'><strong>J</strong></span> <span class='ocrx_word' id='word_1_54' title='bbox 432 609 564 651; x_wconf 88' lang='lat' dir='ltr'>udaeae</span> <span class='ocrx_word' id='word_1_55' title='bbox 584 608 679 649; x_wconf 85' lang='lat' dir='ltr'>fuit:</span> <span class='ocrx_word' id='word_1_56' title='bbox 705 609 854 663; x_wconf 85' lang='lat' dir='ltr'>Neque</span> <span class='ocrx_word' id='word_1_57' title='bbox 876 609 1092 649; x_wconf 84' lang='lat' dir='ltr'>Cumanus</span> <span class='ocrx_word' id='word_1_58' title='bbox 1110 608 1360 649; x_wconf 86' lang='lat' dir='ltr'><em>Procurator</em></span> <span class='ocrx_word' id='word_1_59' title='bbox 1381 608 1462 651; x_wconf 84' lang='lat' dir='ltr'>fuit</span> <span class='ocrx_word' id='word_1_60' title='bbox 1482 619 1577 651; x_wconf 89' lang='lat' dir='ltr'>ante</span> <span class='ocrx_word' id='word_1_61' title='bbox 1597 626 1706 653; x_wconf 91' lang='lat' dir='ltr'>mor-</span> 
     </span>
     <span class='ocr_line' id='line_1_13' title="bbox 316 676 1700 733; baseline 0 -12"><span class='ocrx_word' id='word_1_62' title='bbox 316 689 399 721; x_wconf 86' lang='lat' dir='ltr'>tem</span> <span class='ocrx_word' id='word_1_63' title='bbox 427 677 607 720; x_wconf 92' lang='lat' dir='ltr'>Herodis</span> <span class='ocrx_word' id='word_1_64' title='bbox 636 676 744 733; x_wconf 85' lang='lat' dir='ltr'>regis</span> <span class='ocrx_word' id='word_1_65' title='bbox 772 676 996 727; x_wconf 83' lang='lat' dir='ltr'>Chalcidis,</span> <span class='ocrx_word' id='word_1_66' title='bbox 1023 676 1096 733; x_wconf 92' lang='lat' dir='ltr'>qui</span> <span class='ocrx_word' id='word_1_67' title='bbox 1124 691 1232 717; x_wconf 84' lang='lat' dir='ltr'>anno</span> <span class='ocrx_word' id='word_1_68' title='bbox 1260 676 1426 718; x_wconf 82' lang='lat' dir='ltr'>Claudii</span> <span class='ocrx_word' id='word_1_69' title='bbox 1448 693 1546 720; x_wconf 82' lang='lat' dir='ltr'>vnl.</span> <span class='ocrx_word' id='word_1_70' title='bbox 1575 680 1700 722; x_wconf 90' lang='lat' dir='ltr'>obiit:</span> 
     </span>
     <span class='ocr_line' id='line_1_14' title="bbox 317 744 1703 802; baseline 0.001 -13"><span class='ocrx_word' id='word_1_71' title='bbox 317 748 519 789; x_wconf 87' lang='lat' dir='ltr'>Interesse</span> <span class='ocrx_word' id='word_1_72' title='bbox 538 746 665 802; x_wconf 87' lang='lat' dir='ltr'>igitur</span> <span class='ocrx_word' id='word_1_73' title='bbox 685 744 877 787; x_wconf 89' lang='lat' dir='ltr'>Paschati</span> <span class='ocrx_word' id='word_1_74' title='bbox 895 747 1111 787; x_wconf 89' lang='lat' dir='ltr'>Cumanus</span> <span class='ocrx_word' id='word_1_75' title='bbox 1131 754 1329 802; x_wconf 87' lang='lat' dir='ltr'>tanquam</span> <span class='ocrx_word' id='word_1_76' title='bbox 1351 747 1603 790; x_wconf 82' lang='lat' dir='ltr'><em>Procurator</em></span> <span class='ocrx_word' id='word_1_77' title='bbox 1621 764 1703 791; x_wconf 93' lang='lat' dir='ltr'>non</span> 
     </span>
     <span class='ocr_line' id='line_1_15' title="bbox 317 813 1703 872; baseline 0.001 -15"><span class='ocrx_word' id='word_1_78' title='bbox 317 815 466 872; x_wconf 89' lang='lat' dir='ltr'>potuit,</span> <span class='ocrx_word' id='word_1_79' title='bbox 493 824 588 855; x_wconf 89' lang='lat' dir='ltr'>ante</span> <span class='ocrx_word' id='word_1_80' title='bbox 613 828 768 855; x_wconf 90' lang='lat' dir='ltr'>annum</span> <span class='ocrx_word' id='word_1_81' title='bbox 797 813 961 855; x_wconf 87' lang='lat' dir='ltr'>Claudii</span> <span class='ocrx_word' id='word_1_82' title='bbox 983 827 1045 854; x_wconf 79' lang='lat' dir='ltr'>lx·</span> <span class='ocrx_word' id='word_1_83' title='bbox 1108 813 1191 854; x_wconf 89' lang='lat' dir='ltr'>Sed</span> <span class='ocrx_word' id='word_1_84' title='bbox 1217 829 1291 855; x_wconf 89' lang='lat' dir='ltr'>nec</span> <span class='ocrx_word' id='word_1_85' title='bbox 1317 830 1366 855; x_wconf 91' lang='lat' dir='ltr'>eo</span> <span class='ocrx_word' id='word_1_86' title='bbox 1386 830 1494 857; x_wconf 90' lang='lat' dir='ltr'>anno</span> <span class='ocrx_word' id='word_1_87' title='bbox 1515 815 1659 858; x_wconf 89' lang='lat' dir='ltr'>seditio</span> <span class='ocrx_word' id='word_1_88' title='bbox 1679 833 1703 859; x_wconf 88' lang='lat' dir='ltr'>a</span> 
     </span>
     <span class='ocr_line' id='line_1_16' title="bbox 317 881 1703 941; baseline 0.001 -16"><span class='ocrx_word' id='word_1_89' title='bbox 317 884 503 940; x_wconf 87' lang='lat' dir='ltr'>Josepho</span> <span class='ocrx_word' id='word_1_90' title='bbox 527 891 752 924; x_wconf 89' lang='lat' dir='ltr'>memorata</span> <span class='ocrx_word' id='word_1_91' title='bbox 777 882 963 939; x_wconf 88' lang='lat' dir='ltr'>contigit,</span> <span class='ocrx_word' id='word_1_92' title='bbox 985 881 1056 923; x_wconf 87' lang='lat' dir='ltr'>sed</span> <span class='ocrx_word' id='word_1_93' title='bbox 1084 896 1193 923; x_wconf 90' lang='lat' dir='ltr'>anno</span> <span class='ocrx_word' id='word_1_94' title='bbox 1214 881 1379 923; x_wconf 85' lang='lat' dir='ltr'>Claudii</span> <span class='ocrx_word' id='word_1_95' title='bbox 1401 898 1461 925; x_wconf 87' lang='lat' dir='ltr'>x1.</span> <span class='ocrx_word' id='word_1_96' title='bbox 1489 900 1576 941; x_wconf 91' lang='lat' dir='ltr'>quo</span> <span class='ocrx_word' id='word_1_97' title='bbox 1603 894 1703 926; x_wconf 86' lang='lat' dir='ltr'>tem-</span> 
     </span>
     <span class='ocr_line' id='line_1_17' title="bbox 316 949 1701 1009; baseline 0.001 -16"><span class='ocrx_word' id='word_1_98' title='bbox 316 968 415 1009; x_wconf 88' lang='lat' dir='ltr'><em>pore</em></span> <span class='ocrx_word' id='word_1_99' title='bbox 441 951 702 1003; x_wconf 80' lang='lat' dir='ltr'>Quadratum</span> <span class='ocrx_word' id='word_1_100' title='bbox 733 950 883 992; x_wconf 88' lang='lat' dir='ltr'>scimus</span> <span class='ocrx_word' id='word_1_101' title='bbox 915 950 1045 1007; x_wconf 81' lang='lat' dir='ltr'>Syriae</span> <span class='ocrx_word' id='word_1_102' title='bbox 1074 949 1201 991; x_wconf 84' lang='lat' dir='ltr'>fuisse</span> <span class='ocrx_word' id='word_1_103' title='bbox 1231 950 1480 993; x_wconf 85' lang='lat' dir='ltr'>Praesidem:</span> <span class='ocrx_word' id='word_1_104' title='bbox 1520 954 1580 994; x_wconf 83' lang='lat' dir='ltr'>Et</span> <span class='ocrx_word' id='word_1_105' title='bbox 1606 969 1701 995; x_wconf 89' lang='lat' dir='ltr'>cum</span> 
     </span>
     <span class='ocr_line' id='line_1_18' title="bbox 318 1018 1702 1077; baseline 0 -14"><span class='ocrx_word' id='word_1_106' title='bbox 318 1023 465 1063; x_wconf 89' lang='lat' dir='ltr'>Romae</span> <span class='ocrx_word' id='word_1_107' title='bbox 484 1020 649 1077; x_wconf 85' lang='lat' dir='ltr'>cognita</span> <span class='ocrx_word' id='word_1_108' title='bbox 667 1028 741 1071; x_wconf 91' lang='lat' dir='ltr'>est,</span> <span class='ocrx_word' id='word_1_109' title='bbox 763 1019 879 1060; x_wconf 88' lang='lat' dir='ltr'>nulla</span> <span class='ocrx_word' id='word_1_110' title='bbox 897 1018 1006 1060; x_wconf 82' lang='lat' dir='ltr'>illius</span> <span class='ocrx_word' id='word_1_111' title='bbox 1028 1020 1239 1060; x_wconf 86' lang='lat' dir='ltr'>Romanos</span> <span class='ocrx_word' id='word_1_112' title='bbox 1259 1034 1358 1060; x_wconf 84' lang='lat' dir='ltr'>cura</span> <span class='ocrx_word' id='word_1_113' title='bbox 1377 1020 1588 1076; x_wconf 86' lang='lat' dir='ltr'>tangebat,</span> <span class='ocrx_word' id='word_1_114' title='bbox 1606 1037 1702 1063; x_wconf 91' lang='lat' dir='ltr'>cum</span> 
     </span>
     <span class='ocr_line' id='line_1_19' title="bbox 316 1087 1703 1145; baseline 0 -13"><span class='ocrx_word' id='word_1_115' title='bbox 316 1091 369 1132; x_wconf 88' lang='lat' dir='ltr'>ad</span> <span class='ocrx_word' id='word_1_116' title='bbox 404 1090 509 1132; x_wconf 90' lang='lat' dir='ltr'>solos</span> <span class='ocrx_word' id='word_1_117' title='bbox 540 1090 569 1130; x_wconf 86' lang='lat' dir='ltr'><strong>J</strong></span> <span class='ocrx_word' id='word_1_118' title='bbox 574 1088 714 1130; x_wconf 88' lang='lat' dir='ltr'>udaeos</span> <span class='ocrx_word' id='word_1_119' title='bbox 748 1087 957 1129; x_wconf 88' lang='lat' dir='ltr'>calamitas</span> <span class='ocrx_word' id='word_1_120' title='bbox 990 1087 1060 1128; x_wconf 91' lang='lat' dir='ltr'>illa</span> <span class='ocrx_word' id='word_1_121' title='bbox 1093 1087 1348 1144; x_wconf 88' lang='lat' dir='ltr'>pertinebat:</span> <span class='ocrx_word' id='word_1_122' title='bbox 1393 1088 1475 1129; x_wconf 89' lang='lat' dir='ltr'>Sed</span> <span class='ocrx_word' id='word_1_123' title='bbox 1505 1105 1601 1145; x_wconf 88' lang='lat' dir='ltr'>quae</span> <span class='ocrx_word' id='word_1_124' title='bbox 1633 1090 1703 1132; x_wconf 86' lang='lat' dir='ltr'>illa</span> 
     </span>
     <span class='ocr_line' id='line_1_20' title="bbox 317 1155 1702 1216; baseline 0 -16"><span class='ocrx_word' id='word_1_125' title='bbox 317 1159 441 1216; x_wconf 88' lang='lat' dir='ltr'>paulo</span> <span class='ocrx_word' id='word_1_126' title='bbox 487 1167 580 1215; x_wconf 89' lang='lat' dir='ltr'>post</span> <span class='ocrx_word' id='word_1_127' title='bbox 625 1166 801 1213; x_wconf 86' lang='lat' dir='ltr'>sequuta</span> <span class='ocrx_word' id='word_1_128' title='bbox 846 1165 955 1207; x_wconf 90' lang='lat' dir='ltr'>sunt,</span> <span class='ocrx_word' id='word_1_129' title='bbox 996 1157 1207 1198; x_wconf 90' lang='lat' dir='ltr'>Romanos</span> <span class='ocrx_word' id='word_1_130' title='bbox 1245 1156 1423 1198; x_wconf 85' lang='lat' dir='ltr'>maxime</span> <span class='ocrx_word' id='word_1_131' title='bbox 1462 1155 1702 1214; x_wconf 81' lang='lat' dir='ltr'>tangebant.</span> 
     </span>
     <span class='ocr_line' id='line_1_21' title="bbox 318 1224 1702 1282; baseline -0.001 -14"><span class='ocrx_word' id='word_1_132' title='bbox 318 1229 426 1268; x_wconf 90' lang='lat' dir='ltr'>Nam</span> <span class='ocrx_word' id='word_1_133' title='bbox 452 1243 500 1268; x_wconf 91' lang='lat' dir='ltr'>eo</span> <span class='ocrx_word' id='word_1_134' title='bbox 523 1241 631 1268; x_wconf 92' lang='lat' dir='ltr'>anno</span> <span class='ocrx_word' id='word_1_135' title='bbox 652 1225 909 1282; x_wconf 89' lang='lat' dir='ltr'>Stephanum</span> <span class='ocrx_word' id='word_1_136' title='bbox 931 1224 1105 1267; x_wconf 83' lang='lat' dir='ltr'>Caesaris</span> <span class='ocrx_word' id='word_1_137' title='bbox 1125 1239 1288 1267; x_wconf 88' lang='lat' dir='ltr'>servum</span> <span class='ocrx_word' id='word_1_138' title='bbox 1308 1224 1487 1266; x_wconf 88' lang='lat' dir='ltr'>latrones</span> <span class='ocrx_word' id='word_1_139' title='bbox 1505 1225 1702 1282; x_wconf 85' lang='lat' dir='ltr'>aggressi,</span> 
     </span>
     <span class='ocr_line' id='line_1_22' title="bbox 316 1291 1701 1351; baseline -0.001 -15"><span class='ocrx_word' id='word_1_140' title='bbox 316 1310 457 1336; x_wconf 89' lang='lat' dir='ltr'>omnes</span> <span class='ocrx_word' id='word_1_141' title='bbox 483 1294 573 1351; x_wconf 85' lang='lat' dir='ltr'>ejus</span> <span class='ocrx_word' id='word_1_142' title='bbox 598 1293 773 1334; x_wconf 85' lang='lat' dir='ltr'>sarcinas</span> <span class='ocrx_word' id='word_1_143' title='bbox 799 1292 1076 1349; x_wconf 86' lang='lat' dir='ltr'>diripuerunt,</span> <span class='ocrx_word' id='word_1_144' title='bbox 1098 1301 1140 1334; x_wconf 91' lang='lat' dir='ltr'>et</span> <span class='ocrx_word' id='word_1_145' title='bbox 1163 1291 1329 1333; x_wconf 87' lang='lat' dir='ltr'>tandem</span> <span class='ocrx_word' id='word_1_146' title='bbox 1350 1292 1500 1334; x_wconf 87' lang='lat' dir='ltr'>milites</span> <span class='ocrx_word' id='word_1_147' title='bbox 1521 1293 1701 1335; x_wconf 87' lang='lat' dir='ltr'>Romani</span> 
     </span>
     <span class='ocr_line' id='line_1_23' title="bbox 315 1361 1703 1418; baseline -0.001 -13"><span class='ocrx_word' id='word_1_148' title='bbox 315 1363 409 1405; x_wconf 90' lang='lat' dir='ltr'>caesi</span> <span class='ocrx_word' id='word_1_149' title='bbox 436 1371 555 1410; x_wconf 86' lang='lat' dir='ltr'>sunt;</span> <span class='ocrx_word' id='word_1_150' title='bbox 590 1363 696 1403; x_wconf 83' lang='lat' dir='ltr'>Haec</span> <span class='ocrx_word' id='word_1_151' title='bbox 723 1368 1014 1402; x_wconf 89' lang='lat' dir='ltr'>commemorat</span> <span class='ocrx_word' id='word_1_152' title='bbox 1033 1376 1116 1401; x_wconf 91' lang='lat' dir='ltr'>non</span> <span class='ocrx_word' id='word_1_153' title='bbox 1137 1369 1300 1402; x_wconf 89' lang='lat' dir='ltr'>tantum</span> <span class='ocrx_word' id='word_1_154' title='bbox 1321 1362 1351 1402; x_wconf 86' lang='lat' dir='ltr'><strong>J</strong></span> <span class='ocrx_word' id='word_1_155' title='bbox 1354 1361 1548 1418; x_wconf 88' lang='lat' dir='ltr'>osephus,</span> <span class='ocrx_word' id='word_1_156' title='bbox 1570 1362 1640 1403; x_wconf 88' lang='lat' dir='ltr'>sed</span> <span class='ocrx_word' id='word_1_157' title='bbox 1661 1372 1703 1404; x_wconf 89' lang='lat' dir='ltr'>et</span> 
     </span>
     <span class='ocr_line' id='line_1_24' title="bbox 318 1429 1702 1487; baseline 0 -15"><span class='ocrx_word' id='word_1_158' title='bbox 318 1431 504 1482; x_wconf 81' lang='lat' dir='ltr'>Tacitus,</span> <span class='ocrx_word' id='word_1_159' title='bbox 529 1430 597 1471; x_wconf 89' lang='lat' dir='ltr'>lib.</span> <span class='ocrx_word' id='word_1_160' title='bbox 620 1429 689 1471; x_wconf 85' lang='lat' dir='ltr'>xii.</span> <span class='ocrx_word' id='word_1_161' title='bbox 711 1446 743 1471; x_wconf 93' lang='lat' dir='ltr'>c.</span> <span class='ocrx_word' id='word_1_162' title='bbox 767 1432 834 1471; x_wconf 78' lang='lat'>54.</span> <span class='ocrx_word' id='word_1_163' title='bbox 866 1430 1084 1472; x_wconf 70' lang='lat' dir='ltr'>Cumanus</span> <span class='ocrx_word' id='word_1_164' title='bbox 1113 1436 1151 1470; x_wconf 77' lang='lat' dir='ltr'>et</span> <span class='ocrx_word' id='word_1_165' title='bbox 1172 1430 1310 1480; x_wconf 67' lang='lat' dir='ltr'>Felix,</span> <span class='ocrx_word' id='word_1_166' title='bbox 1333 1430 1536 1486; x_wconf 71' lang='lat' dir='ltr'>gliscente</span> <span class='ocrx_word' id='word_1_167' title='bbox 1554 1433 1702 1487; x_wconf 80' lang='lat' dir='ltr'>perni-</span> 
     </span>
     <span class='ocr_line' id='line_1_25' title="bbox 316 1498 1702 1554; baseline 0.001 -15"><span class='ocrx_word' id='word_1_168' title='bbox 316 1500 389 1549; x_wconf 84' lang='lat' dir='ltr'>cie,</span> <span class='ocrx_word' id='word_1_169' title='bbox 411 1514 502 1540; x_wconf 84' lang='lat' dir='ltr'>cum</span> <span class='ocrx_word' id='word_1_170' title='bbox 522 1513 644 1539; x_wconf 81' lang='lat' dir='ltr'>arma</span> <span class='ocrx_word' id='word_1_171' title='bbox 664 1499 842 1539; x_wconf 75' lang='lat' dir='ltr'>militum</span> <span class='ocrx_word' id='word_1_172' title='bbox 865 1498 1178 1554; x_wconf 59' lang='lat' dir='ltr'>interjecissent,</span> <span class='ocrx_word' id='word_1_173' title='bbox 1201 1499 1297 1538; x_wconf 76' lang='lat' dir='ltr'>caesi</span> <span class='ocrx_word' id='word_1_174' title='bbox 1317 1498 1467 1539; x_wconf 73' lang='lat' dir='ltr'>milites</span> <span class='ocrx_word' id='word_1_175' title='bbox 1488 1505 1588 1540; x_wconf 77' lang='lat' dir='ltr'>sunt</span> <span class='ocrx_word' id='word_1_176' title='bbox 1595 1516 1610 1546; x_wconf 89' lang='lat'>,·</span> <span class='ocrx_word' id='word_1_177' title='bbox 1632 1514 1702 1540; x_wconf 77' lang='lat' dir='ltr'>ar-</span> 
     </span>
     <span class='ocr_line' id='line_1_26' title="bbox 314 1565 1703 1623; baseline 0 -16"><span class='ocrx_word' id='word_1_178' title='bbox 314 1568 511 1623; x_wconf 69' lang='lat' dir='ltr'>sissetque</span> <span class='ocrx_word' id='word_1_179' title='bbox 538 1567 636 1607; x_wconf 82' lang='lat' dir='ltr'>bello</span> <span class='ocrx_word' id='word_1_180' title='bbox 659 1566 907 1617; x_wconf 71' lang='lat' dir='ltr'>Provincia,</span> <span class='ocrx_word' id='word_1_181' title='bbox 935 1567 982 1606; x_wconf 78' lang='lat' dir='ltr'>ni</span> <span class='ocrx_word' id='word_1_182' title='bbox 1011 1565 1254 1613; x_wconf 67' lang='lat' dir='ltr'>Quadratus</span> <span class='ocrx_word' id='word_1_183' title='bbox 1281 1566 1426 1621; x_wconf 68' lang='lat' dir='ltr'>Syriae</span> <span class='ocrx_word' id='word_1_184' title='bbox 1450 1572 1583 1607; x_wconf 79' lang='lat' dir='ltr'>rector</span> <span class='ocrx_word' id='word_1_185' title='bbox 1607 1567 1703 1607; x_wconf 74' lang='lat' dir='ltr'>sub-</span> 
     </span>
     <span class='ocr_line' id='line_1_27' title="bbox 316 1633 1703 1691; baseline 0.001 -17"><span class='ocrx_word' id='word_1_186' title='bbox 316 1636 503 1676; x_wconf 70' lang='lat' dir='ltr'>venisset.</span> <span class='ocrx_word' id='word_1_187' title='bbox 564 1635 623 1676; x_wconf 88' lang='lat' dir='ltr'>Et</span> <span class='ocrx_word' id='word_1_188' title='bbox 646 1643 846 1691; x_wconf 82' lang='lat' dir='ltr'>praeterea</span> <span class='ocrx_word' id='word_1_189' title='bbox 871 1643 986 1675; x_wconf 88' lang='lat' dir='ltr'>notat</span> <span class='ocrx_word' id='word_1_190' title='bbox 1015 1633 1189 1675; x_wconf 91' lang='lat' dir='ltr'>Tacitus</span> <span class='ocrx_word' id='word_1_191' title='bbox 1212 1633 1325 1675; x_wconf 89' lang='lat' dir='ltr'>hunc</span> <span class='ocrx_word' id='word_1_192' title='bbox 1354 1634 1582 1675; x_wconf 90' lang='lat' dir='ltr'>tumultum</span> <span class='ocrx_word' id='word_1_193' title='bbox 1608 1645 1703 1691; x_wconf 85' lang='lat' dir='ltr'>post</span> 
     </span>
     <span class='ocr_line' id='line_1_28' title="bbox 315 1702 1702 1761; baseline 0.001 -18"><span class='ocrx_word' id='word_1_194' title='bbox 315 1702 431 1744; x_wconf 91' lang='lat' dir='ltr'>illum</span> <span class='ocrx_word' id='word_1_195' title='bbox 459 1703 537 1745; x_wconf 87' lang='lat' dir='ltr'>sub</span> <span class='ocrx_word' id='word_1_196' title='bbox 563 1703 666 1745; x_wconf 90' lang='lat' dir='ltr'>Caio</span> <span class='ocrx_word' id='word_1_197' title='bbox 691 1703 926 1760; x_wconf 86' lang='lat' dir='ltr'>proximum</span> <span class='ocrx_word' id='word_1_198' title='bbox 957 1702 1096 1753; x_wconf 88' lang='lat' dir='ltr'>fuisse,</span> <span class='ocrx_word' id='word_1_199' title='bbox 1117 1703 1294 1759; x_wconf 90' lang='lat' dir='ltr'>ideoque</span> <span class='ocrx_word' id='word_1_200' title='bbox 1322 1703 1400 1746; x_wconf 91' lang='lat' dir='ltr'>sub</span> <span class='ocrx_word' id='word_1_201' title='bbox 1422 1703 1600 1745; x_wconf 89' lang='lat' dir='ltr'>Claudio</span> <span class='ocrx_word' id='word_1_202' title='bbox 1619 1704 1702 1761; x_wconf 89' lang='lat' dir='ltr'>pri-</span> 
     </span>
     <span class='ocr_line' id='line_1_29' title="bbox 315 1786 441 1812; baseline 0.008 -1"><span class='ocrx_word' id='word_1_203' title='bbox 315 1786 441 1812; x_wconf 89' lang='lat' dir='ltr'>mum.</span> 
     </span>
    </p>

    <p class='ocr_par' dir='ltr' id='par_1_6' title="bbox 314 1839 1700 2098">
     <span class='ocr_line' id='line_1_30' title="bbox 375 1839 1700 1898; baseline 0.001 -17"><span class='ocrx_word' id='word_1_204' title='bbox 375 1839 590 1891; x_wconf 88' lang='lat' dir='ltr'>Claudius,</span> <span class='ocrx_word' id='word_1_205' title='bbox 619 1843 757 1883; x_wconf 69' lang='lat' dir='ltr'>causis</span> <span class='ocrx_word' id='word_1_206' title='bbox 785 1842 1015 1883; x_wconf 76' lang='lat' dir='ltr'>rebellionis</span> <span class='ocrx_word' id='word_1_207' title='bbox 1044 1841 1216 1891; x_wconf 68' lang='lat' dir='ltr'>auditis,</span> <span class='ocrx_word' id='word_1_208' title='bbox 1244 1841 1413 1882; x_wconf 86' lang='lat' dir='ltr'>ineunte</span> <span class='ocrx_word' id='word_1_209' title='bbox 1448 1856 1555 1882; x_wconf 86' lang='lat' dir='ltr'>anno</span> <span class='ocrx_word' id='word_1_210' title='bbox 1584 1842 1700 1898; x_wconf 86' lang='lat' dir='ltr'>regni</span> 
     </span>
     <span class='ocr_line' id='line_1_31' title="bbox 317 1908 1698 1966; baseline 0.002 -18"><span class='ocrx_word' id='word_1_211' title='bbox 317 1908 379 1948; x_wconf 89' lang='lat' dir='ltr'>sui</span> <span class='ocrx_word' id='word_1_212' title='bbox 411 1923 490 1950; x_wconf 78' lang='grc' dir='ltr'>ΧΠ.</span> <span class='ocrx_word' id='word_1_213' title='bbox 522 1910 552 1950; x_wconf 84' lang='lat' dir='ltr'><strong>J</strong></span> <span class='ocrx_word' id='word_1_214' title='bbox 556 1909 697 1951; x_wconf 86' lang='lat' dir='ltr'>udaeos</span> <span class='ocrx_word' id='word_1_215' title='bbox 736 1909 840 1951; x_wconf 86' lang='lat' dir='ltr'>urbe</span> <span class='ocrx_word' id='word_1_216' title='bbox 879 1908 1068 1966; x_wconf 85' lang='lat' dir='ltr'>expulit;</span> <span class='ocrx_word' id='word_1_217' title='bbox 1110 1908 1270 1959; x_wconf 88' lang='lat' dir='ltr'>eodem,</span> <span class='ocrx_word' id='word_1_218' title='bbox 1306 1909 1466 1965; x_wconf 89' lang='lat' dir='ltr'>opinor,</span> <span class='ocrx_word' id='word_1_219' title='bbox 1500 1919 1698 1966; x_wconf 90' lang='lat' dir='ltr'>tempore,</span> 
     </span>
     <span class='ocr_line' id='line_1_32' title="bbox 316 1978 1700 2036; baseline 0.001 -18"><span class='ocrx_word' id='word_1_220' title='bbox 316 1993 401 2033; x_wconf 92' lang='lat' dir='ltr'>quo</span> <span class='ocrx_word' id='word_1_221' title='bbox 426 1979 475 2019; x_wconf 84' lang='lat' dir='ltr'>cle</span> <span class='ocrx_word' id='word_1_222' title='bbox 494 1979 806 2020; x_wconf 69' lang='lat' dir='ltr'>Mathematicis</span> <span class='ocrx_word' id='word_1_223' title='bbox 826 1979 958 2020; x_wconf 79' lang='lat' dir='ltr'>Italia</span> <span class='ocrx_word' id='word_1_224' title='bbox 975 1978 1181 2036; x_wconf 76' lang='lat' dir='ltr'>pellendis</span> <span class='ocrx_word' id='word_1_225' title='bbox 1191 1979 1368 2034; x_wconf 79' lang='lat' dir='ltr'>factum</span> <span class='ocrx_word' id='word_1_226' title='bbox 1388 1979 1700 2021; x_wconf 70' lang='lat' dir='ltr'>Senatus-Con-</span> 
     </span>
     <span class='ocr_line' id='line_1_33' title="bbox 314 2045 1557 2098; baseline 0 -11"><span class='ocrx_word' id='word_1_227' title='bbox 314 2046 469 2088; x_wconf 79' lang='lat' dir='ltr'>sultum</span> <span class='ocrx_word' id='word_1_228' title='bbox 489 2053 613 2089; x_wconf 73' lang='lat' dir='ltr'>atrox</span> <span class='ocrx_word' id='word_1_229' title='bbox 633 2054 671 2089; x_wconf 74' lang='lat' dir='ltr'>et</span> <span class='ocrx_word' id='word_1_230' title='bbox 689 2049 877 2098; x_wconf 75' lang='lat' dir='ltr'>irritum,</span> <span class='ocrx_word' id='word_1_231' title='bbox 899 2056 947 2089; x_wconf 89' lang='lat' dir='ltr'>ut</span> <span class='ocrx_word' id='word_1_232' title='bbox 966 2047 1023 2088; x_wconf 89' lang='lat' dir='ltr'>ait</span> <span class='ocrx_word' id='word_1_233' title='bbox 1044 2046 1232 2097; x_wconf 88' lang='lat' dir='ltr'>Tacitus,</span> <span class='ocrx_word' id='word_1_234' title='bbox 1252 2045 1323 2087; x_wconf 87' lang='lat' dir='ltr'>lib.</span> <span class='ocrx_word' id='word_1_235' title='bbox 1346 2046 1414 2087; x_wconf 85' lang='lat' dir='ltr'>xii.</span> <span class='ocrx_word' id='word_1_236' title='bbox 1435 2062 1468 2088; x_wconf 90' lang='lat' dir='ltr'>c.</span> <span class='ocrx_word' id='word_1_237' title='bbox 1491 2048 1557 2088; x_wconf 71' lang='lat'>52.</span> 
     </span>
    </p>

    <p class='ocr_par' dir='ltr' id='par_1_7' title="bbox 315 2113 1699 2308">
     <span class='ocr_line' id='line_1_34' title="bbox 373 2113 1699 2171; baseline 0.002 -17"><span class='ocrx_word' id='word_1_238' title='bbox 373 2113 579 2171; x_wconf 86' lang='lat' dir='ltr'>Expulsio</span> <span class='ocrx_word' id='word_1_239' title='bbox 604 2124 742 2157; x_wconf 88' lang='lat' dir='ltr'>autem</span> <span class='ocrx_word' id='word_1_240' title='bbox 764 2117 794 2156; x_wconf 88' lang='lat' dir='ltr'><strong>J</strong></span> <span class='ocrx_word' id='word_1_241' title='bbox 798 2115 1013 2157; x_wconf 87' lang='lat' dir='ltr'>udaeorum</span> <span class='ocrx_word' id='word_1_242' title='bbox 1034 2129 1086 2155; x_wconf 85' lang='lat' dir='ltr'>ex</span> <span class='ocrx_word' id='word_1_243' title='bbox 1108 2114 1211 2155; x_wconf 90' lang='lat' dir='ltr'>urbe</span> <span class='ocrx_word' id='word_1_244' title='bbox 1230 2129 1313 2155; x_wconf 91' lang='lat' dir='ltr'>non</span> <span class='ocrx_word' id='word_1_245' title='bbox 1332 2114 1413 2155; x_wconf 91' lang='lat' dir='ltr'>fuit</span> <span class='ocrx_word' id='word_1_246' title='bbox 1434 2130 1484 2155; x_wconf 87' lang='lat' dir='ltr'>ex</span> <span class='ocrx_word' id='word_1_247' title='bbox 1507 2115 1699 2156; x_wconf 86' lang='lat' dir='ltr'>Senatus-</span> 
     </span>
     <span class='ocr_line' id='line_1_35' title="bbox 318 2182 1699 2234; baseline 0.001 -11"><span class='ocrx_word' id='word_1_248' title='bbox 318 2182 532 2234; x_wconf 88' lang='lat' dir='ltr'>Consulto,</span> <span class='ocrx_word' id='word_1_249' title='bbox 555 2184 626 2225; x_wconf 91' lang='lat' dir='ltr'>sed</span> <span class='ocrx_word' id='word_1_250' title='bbox 654 2192 815 2225; x_wconf 90' lang='lat' dir='ltr'>tantum</span> <span class='ocrx_word' id='word_1_251' title='bbox 845 2200 896 2225; x_wconf 86' lang='lat' dir='ltr'>ex</span> <span class='ocrx_word' id='word_1_252' title='bbox 923 2183 1057 2225; x_wconf 89' lang='lat' dir='ltr'>edicto</span> <span class='ocrx_word' id='word_1_253' title='bbox 1087 2182 1276 2230; x_wconf 85' lang='lat' dir='ltr'>Claudii;</span> <span class='ocrx_word' id='word_1_254' title='bbox 1310 2183 1422 2224; x_wconf 91' lang='lat' dir='ltr'>unde</span> <span class='ocrx_word' id='word_1_255' title='bbox 1450 2182 1624 2225; x_wconf 89' lang='lat' dir='ltr'>Tacitus</span> <span class='ocrx_word' id='word_1_256' title='bbox 1654 2183 1699 2224; x_wconf 88' lang='lat' dir='ltr'>il-</span> 
     </span>
     <span class='ocr_line' id='line_1_36' title="bbox 315 2250 1107 2308; baseline 0.004 -18"><span class='ocrx_word' id='word_1_257' title='bbox 315 2250 393 2291; x_wconf 87' lang='lat' dir='ltr'>lius</span> <span class='ocrx_word' id='word_1_258' title='bbox 413 2252 664 2308; x_wconf 86' lang='lat' dir='ltr'>expulsionis</span> <span class='ocrx_word' id='word_1_259' title='bbox 683 2267 888 2308; x_wconf 90' lang='lat' dir='ltr'>nusquam</span> <span class='ocrx_word' id='word_1_260' title='bbox 910 2251 1107 2293; x_wconf 84' lang='lat' dir='ltr'>meminit.</span> 
     </span>
    </p>

    <p class='ocr_par' dir='ltr' id='par_1_8' title="bbox 312 2318 1698 2856">
     <span class='ocr_line' id='line_1_37' title="bbox 374 2318 1698 2370; baseline 0 -9"><span class='ocrx_word' id='word_1_261' title='bbox 374 2321 416 2361; x_wconf 92' lang='lat' dir='ltr'>S.</span> <span class='ocrx_word' id='word_1_262' title='bbox 438 2320 595 2361; x_wconf 88' lang='lat' dir='ltr'>Paulus</span> <span class='ocrx_word' id='word_1_263' title='bbox 623 2322 772 2362; x_wconf 88' lang='lat' dir='ltr'>Beroea</span> <span class='ocrx_word' id='word_1_264' title='bbox 797 2320 944 2362; x_wconf 89' lang='lat' dir='ltr'>missus</span> <span class='ocrx_word' id='word_1_265' title='bbox 970 2329 1031 2361; x_wconf 87' lang='lat' dir='ltr'>est</span> <span class='ocrx_word' id='word_1_266' title='bbox 1057 2320 1260 2370; x_wconf 89' lang='lat' dir='ltr'>Athenas,</span> <span class='ocrx_word' id='word_1_267' title='bbox 1285 2319 1395 2360; x_wconf 91' lang='lat' dir='ltr'>unde</span> <span class='ocrx_word' id='word_1_268' title='bbox 1416 2318 1552 2360; x_wconf 89' lang='lat' dir='ltr'>statim</span> <span class='ocrx_word' id='word_1_269' title='bbox 1573 2319 1698 2361; x_wconf 88' lang='lat' dir='ltr'>mittit</span> 
     </span>
     <span class='ocr_line' id='line_1_38' title="bbox 316 2387 1697 2440; baseline 0.001 -13"><span class='ocrx_word' id='word_1_270' title='bbox 316 2387 600 2440; x_wconf 89' lang='lat' dir='ltr'>Timotheum,</span> <span class='ocrx_word' id='word_1_271' title='bbox 631 2398 679 2431; x_wconf 88' lang='lat' dir='ltr'>ut</span> <span class='ocrx_word' id='word_1_272' title='bbox 709 2389 812 2430; x_wconf 91' lang='lat' dir='ltr'>visat</span> <span class='ocrx_word' id='word_1_273' title='bbox 839 2388 1237 2439; x_wconf 88' lang='lat' dir='ltr'>Thessalonicenses,</span> <span class='ocrx_word' id='word_1_274' title='bbox 1264 2389 1286 2429; x_wconf 91' lang='lat'>1</span> <span class='ocrx_word' id='word_1_275' title='bbox 1315 2388 1460 2430; x_wconf 73' lang='lat' dir='ltr'>Thess.</span> <span class='ocrx_word' id='word_1_276' title='bbox 1481 2387 1535 2428; x_wconf 88' lang='lat' dir='ltr'>iii.</span> <span class='ocrx_word' id='word_1_277' title='bbox 1560 2389 1597 2428; x_wconf 93' lang='lat'>1.</span> <span class='ocrx_word' id='word_1_278' title='bbox 1625 2388 1697 2429; x_wconf 90' lang='lat' dir='ltr'>ubi</span> 
     </span>
     <span class='ocr_line' id='line_1_39' title="bbox 315 2456 1698 2513; baseline 0.001 -18"><span class='ocrx_word' id='word_1_279' title='bbox 315 2456 384 2497; x_wconf 81' lang='lat' dir='ltr'>diu</span> <span class='ocrx_word' id='word_1_280' title='bbox 406 2468 601 2499; x_wconf 90' lang='lat' dir='ltr'>moratur.</span> <span class='ocrx_word' id='word_1_281' title='bbox 639 2458 819 2499; x_wconf 89' lang='lat' dir='ltr'>Athenis</span> <span class='ocrx_word' id='word_1_282' title='bbox 838 2457 950 2499; x_wconf 89' lang='lat' dir='ltr'>venit</span> <span class='ocrx_word' id='word_1_283' title='bbox 972 2457 1238 2500; x_wconf 84' lang='lat' dir='ltr'>Corinthum:</span> <span class='ocrx_word' id='word_1_284' title='bbox 1262 2458 1322 2498; x_wconf 87' lang='lat' dir='ltr'>Et</span> <span class='ocrx_word' id='word_1_285' title='bbox 1342 2457 1559 2498; x_wconf 77' lang='lat' dir='ltr'>inveniens</span> <span class='ocrx_word' id='word_1_286' title='bbox 1574 2471 1698 2513; x_wconf 82' lang='lat' dir='ltr'>quen-</span> 
     </span>
     <span class='ocr_line' id='line_1_40' title="bbox 315 2524 1698 2583; baseline 0.001 -19"><span class='ocrx_word' id='word_1_287' title='bbox 315 2524 409 2565; x_wconf 85' lang='lat' dir='ltr'>dam</span> <span class='ocrx_word' id='word_1_288' title='bbox 428 2527 627 2567; x_wconf 78' lang='lat' dir='ltr'>Judaeum</span> <span class='ocrx_word' id='word_1_289' title='bbox 652 2528 817 2568; x_wconf 76' lang='lat' dir='ltr'>nomine</span> <span class='ocrx_word' id='word_1_290' title='bbox 837 2527 1048 2583; x_wconf 84' lang='lat' dir='ltr'>Aquilam,</span> <span class='ocrx_word' id='word_1_291' title='bbox 1071 2527 1291 2567; x_wconf 75' lang='lat' dir='ltr'>Ponticum</span> <span class='ocrx_word' id='word_1_292' title='bbox 1304 2539 1475 2582; x_wconf 75' lang='lat' dir='ltr'>genere,</span> <span class='ocrx_word' id='word_1_293' title='bbox 1494 2526 1566 2581; x_wconf 68' lang='lat' dir='ltr'>qui</span> <span class='ocrx_word' id='word_1_294' title='bbox 1587 2524 1639 2566; x_wconf 93' lang='lat' dir='ltr'><strong><em>N</em></strong></span> <span class='ocrx_word' id='word_1_295' title='bbox 1642 2524 1698 2565; x_wconf 92' lang='lat' dir='ltr'>U-</span> 
     </span>
     <span class='ocr_line' id='line_1_41' title="bbox 317 2592 1698 2650; baseline 0.002 -19"><span class='ocrx_word' id='word_1_296' title='bbox 317 2592 442 2633; x_wconf 84' lang='lat' dir='ltr'>PER</span> <span class='ocrx_word' id='word_1_297' title='bbox 462 2601 631 2636; x_wconf 75' lang='lat' dir='ltr'>venerat</span> <span class='ocrx_word' id='word_1_298' title='bbox 652 2597 703 2637; x_wconf 80' lang='lat' dir='ltr'>ab</span> <span class='ocrx_word' id='word_1_299' title='bbox 724 2596 870 2647; x_wconf 83' lang='lat' dir='ltr'>Italia,</span> <span class='ocrx_word' id='word_1_300' title='bbox 891 2602 929 2636; x_wconf 80' lang='lat' dir='ltr'>et</span> <span class='ocrx_word' id='word_1_301' title='bbox 949 2595 1189 2636; x_wconf 75' lang='lat' dir='ltr'>Priscillam</span> <span class='ocrx_word' id='word_1_302' title='bbox 1208 2609 1381 2636; x_wconf 73' lang='lat' dir='ltr'>uxorem</span> <span class='ocrx_word' id='word_1_303' title='bbox 1402 2595 1506 2650; x_wconf 70' lang='lat' dir='ltr'>ejus,</span> <span class='ocrx_word' id='word_1_304' title='bbox 1527 2607 1572 2634; x_wconf 84' lang='lat' dir='ltr'>eo</span> <span class='ocrx_word' id='word_1_305' title='bbox 1590 2592 1698 2649; x_wconf 82' lang='lat' dir='ltr'><em>quod</em></span> 
     </span>
     <span class='ocr_line' id='line_1_42' title="bbox 312 2662 1697 2717; baseline 0.002 -18"><span class='ocrx_word' id='word_1_306' title='bbox 312 2662 575 2717; x_wconf 64' lang='lat' dir='ltr'>praecepisset</span> <span class='ocrx_word' id='word_1_307' title='bbox 597 2664 803 2705; x_wconf 72' lang='lat' dir='ltr'>Claudius</span> <span class='ocrx_word' id='word_1_308' title='bbox 828 2664 1033 2705; x_wconf 74' lang='lat' dir='ltr'>discedere</span> <span class='ocrx_word' id='word_1_309' title='bbox 1059 2678 1197 2705; x_wconf 74' lang='lat' dir='ltr'>omnes</span> <span class='ocrx_word' id='word_1_310' title='bbox 1216 2663 1389 2705; x_wconf 76' lang='lat' dir='ltr'>Judaeos</span> <span class='ocrx_word' id='word_1_311' title='bbox 1412 2678 1440 2703; x_wconf 81' lang='lat' dir='ltr'>a</span> <span class='ocrx_word' id='word_1_312' title='bbox 1460 2663 1610 2712; x_wconf 79' lang='lat' dir='ltr'>Roma,</span> <span class='ocrx_word' id='word_1_313' title='bbox 1631 2676 1697 2702; x_wconf 82' lang='lat' dir='ltr'>ac-</span> 
     </span>
     <span class='ocr_line' id='line_1_43' title="bbox 315 2729 1695 2789; baseline 0.003 -22"><span class='ocrx_word' id='word_1_314' title='bbox 315 2729 435 2769; x_wconf 68' lang='lat' dir='ltr'>cessit</span> <span class='ocrx_word' id='word_1_315' title='bbox 453 2730 508 2769; x_wconf 86' lang='lat' dir='ltr'>ad</span> <span class='ocrx_word' id='word_1_316' title='bbox 527 2744 605 2780; x_wconf 72' lang='lat' dir='ltr'>eos,</span> <span class='ocrx_word' id='word_1_317' title='bbox 630 2733 729 2773; x_wconf 81' lang='lat' dir='ltr'>Act.</span> <span class='ocrx_word' id='word_1_318' title='bbox 751 2731 861 2773; x_wconf 86' lang='lat' dir='ltr'>xviii.</span> <span class='ocrx_word' id='word_1_319' title='bbox 881 2733 920 2782; x_wconf 82' lang='lat'>1,</span> <span class='ocrx_word' id='word_1_320' title='bbox 939 2734 976 2772; x_wconf 69' lang='lat'>2.</span> <span class='ocrx_word' id='word_1_321' title='bbox 1037 2733 1191 2789; x_wconf 79' lang='lat' dir='ltr'>Nuper</span> <span class='ocrx_word' id='word_1_322' title='bbox 1212 2747 1322 2783; x_wconf 87' lang='lat' dir='ltr'>sane,</span> <span class='ocrx_word' id='word_1_323' title='bbox 1343 2731 1575 2786; x_wconf 80' lang='grc' dir='ltr'><em>προσφάτως,</em></span> <span class='ocrx_word' id='word_1_324' title='bbox 1597 2729 1695 2785; x_wconf 85' lang='lat' dir='ltr'>quia</span> 
     </span>
     <span class='ocr_line' id='line_1_44' title="bbox 317 2793 1441 2856; baseline 0.003 -20"><span class='ocrx_word' id='word_1_325' title='bbox 317 2793 392 2838; x_wconf 84' lang='lat' dir='ltr'>hoc</span> <span class='ocrx_word' id='word_1_326' title='bbox 413 2797 501 2853; x_wconf 83' lang='lat' dir='ltr'>ipso</span> <span class='ocrx_word' id='word_1_327' title='bbox 520 2813 627 2839; x_wconf 91' lang='lat' dir='ltr'>anno</span> <span class='ocrx_word' id='word_1_328' title='bbox 647 2799 813 2841; x_wconf 85' lang='lat' dir='ltr'>ineunte</span> <span class='ocrx_word' id='word_1_329' title='bbox 834 2800 1014 2842; x_wconf 88' lang='lat' dir='ltr'>edictum</span> <span class='ocrx_word' id='word_1_330' title='bbox 1037 2800 1202 2842; x_wconf 89' lang='lat' dir='ltr'>Claudii</span> <span class='ocrx_word' id='word_1_331' title='bbox 1223 2799 1441 2856; x_wconf 87' lang='lat' dir='ltr'>prodierat.</span> 
     </span>
    </p>
   </div>
  </div>
 </body>
</html>
