1799 3077
550 128 842 168 ANNALES
876 128 1156 168 PAULINI.
1465 132 1548 173 359

164 241 358 298 Apostoli
388 256 461 298 per
491 251 618 283 totam
652 257 739 283 eam
774 241 1004 298 Epistolam
1032 241 1083 282 ad
1113 241 1295 291 Galatas,
1318 252 1358 283 ct
1379 258 1427 282 ex
1460 243 1548 299 ipso
1573 257 1654 284 AErae
1671 258 1754 296 vulg.

162 318 358 351 contextu
379 325 403 350 a
423 309 622 351 versiculo
645 311 709 350 11.
734 325 866 366 usque
885 310 934 350 ad
956 311 1023 350 18.
1569 300 1754 329 xxxvffl'

222 378 373 419 Saulus
402 393 499 420 vero
532 393 625 419 cum
659 379 837 420 venisset
865 379 1114 429 Jerusalem,
1147 378 1254 419 circa
1282 378 1402 418 finem
1435 380 1545 429 anni,
1627 386 1694 413 Caii

162 447 344 487 tentabat
372 460 415 487 se
429 447 622 503 jungere
652 446 884 502 discipulis,
906 452 945 487 et
963 460 1101 487 omnes
1122 447 1318 487 timebant
1337 460 1443 495 eum,
1464 462 1543 488 non
1646 434 1675 455 ²‘

161 515 367 556 credentes
394 515 503 571 quod
533 522 636 557 esset
665 516 909 572 discipulus,
940 516 1033 556 Act.
1054 514 1110 555 ix.
1133 513 1201 555 26.
1262 514 1406 555 Donec
1436 515 1547 555 Bao·-

160 583 291 624 nabas
306 597 397 624 eum
414 583 538 624 demit
557 583 614 624 ad
628 583 841 640 Apostolos
864 584 1058 636 (Petrum
1080 582 1230 623 scilicet
1248 592 1289 623 et
1316 583 1345 623 J
1349 582 1543 637 aeobum)

159 649 248 690 Act.
279 650 336 691 ix.
364 652 433 694 27.
474 657 513 692 et
543 652 780 708 permansit
818 651 934 707 apud
971 652 1144 692 Petrum
1178 651 1264 692 dies
1297 651 1542 707 quindecim,

163 717 302 760 Galat.
322 718 349 760 i.
372 720 440 761 18.
498 720 691 776 Cumque
704 719 792 775 jam
815 719 964 760 Saulus
968 720 1234 775 fiducialiter
1251 733 1383 776 agens
1403 718 1545 775 loque-

159 794 275 828 retur
303 796 344 828 et
364 787 594 844 disputaret
614 803 708 829 cum
731 786 986 837 Hellenistis‚
1008 788 1072 829 illi
1101 789 1340 844 quoerebant
1367 788 1545 829 occidere

159 869 278 902 cunm
309 856 418 912 quod
436 871 527 897 cum
547 857 838 913 cognovissent
845 857 1035 912 fratres,
1058 856 1319 898 deduxerunt
1337 872 1429 898 eum
1453 858 1540 898 Cae-

158 938 321 964 sai-eam
342 930 380 965 et
400 924 650 966 dimiserunt
676 926 877 975 Tarsum,
899 926 998 966 Act.
1019 924 1072 965 ix.
1095 926 1164 975 31,
1187 926 1253 966 32.

216 993 323 1034 Erat
343 1002 434 1035 tum
453 992 496 1034 in
517 993 712 1034 Ecclesiis
733 1009 815 1050 pax
836 1009 910 1050 per
930 1002 1058 1034 totam
1079 994 1108 1034 J
1116 993 1289 1044 udaeam,
1313 993 1542 1046 Galilaeam‚

158 1072 199 1102 et
231 1061 470 1112 Samariam,
496 1071 537 1103 et
569 1063 610 1103 S.
633 1063 783 1103 Petrus
814 1062 999 1104 transivit
1034 1062 1259 1113 universos,
1281 1061 1369 1103 Act.
1393 1062 1448 1103 ix.
1471 1065 1539 1111 31,

158 1130 229 1180 32,
251 1129 293 1170 in
313 1131 343 1171 J
348 1130 468 1172 udaea
488 1130 651 1181 scilicet,
676 1130 864 1181 Galilaea,
886 1140 927 1171 et
949 1129 1145 1181 Samaria,
1166 1119 1318 1171 fideles.

218 1199 313 1239 Hoc
332 1214 440 1240 anno
464 1198 613 1240 Saulus
635 1200 815 1240 Tarsum
832 1198 1006 1249 delatus,
1023 1200 1323 1255 ignotusfizcie
1343 1200 1542 1241 Ecclesii-s‘
1578 1213 1734 1242 xxxlx.

158 1267 335 1317 Juciaeae,
357 1268 664 1324 evangelizavit
677 1267 814 1323 fldem
834 1269 880 1307 in
903 1267 1068 1317 Cilicia,
1090 1282 1214 1323 qaam
1232 1268 1455 1324 aliqnando
1475 1282 1543 1308 θαι
1624 1299 1690 1328 Caii

148 1336 389 1391 pugnabat,
424 1335 519 1377 Gal.
546 1335 574 1376 i.
601 1337 671 1385 22,
699 1337 767 1376 23.
829 1336 1029 1392 Ignotum
1059 1344 1198 1376 autem
1229 1345 1342 1385 tunc,
1373 1350 1467 1376 cum
1500 1336 1540 1377 in
1640 1349 1668 1372 2·

157 1401 301 1443 Cilicia
330 1412 371 1444 et
403 1403 523 1459 Syria
552 1413 670 1452 esset,
702 1402 878 1444 ecclesiis
912 1403 1076 1444 Judaeae
1110 1419 1150 1443 se
1181 1402 1306 1444 fuisse
1340 1403 1458 1453 dixit,
1490 1419 1540 1444 ne

158 1470 319 1512 Galatae
349 1480 544 1527 putarent
571 1471 705 1527 ipsum
728 1471 779 1512 ab
809 1470 949 1527 aliquo
980 1470 1134 1511 Christi
1164 1470 1365 1527 discipulo
1393 1471 1540 1512 doetri-

158 1553 250 1580 nam
271 1539 489 1596 Evangelii
509 1539 725 1596 accepisse.

215 1607 366 1649 Saulus
391 1608 587 1664 praedicat
607 1608 648 1649 in
672 1608 803 1665 Syria,
825 1623 959 1664 neque
981 1618 1116 1648 tamen
1136 1607 1238 1648 adiit
1258 1607 1537 1657 Antiochiam,
1623 1629 1689 1657 XL.

155 1676 254 1732 quia
278 1676 359 1718 illic
379 1676 568 1733 discipuli
597 1692 677 1718 non
707 1677 827 1733 pauci
848 1677 977 1726 fuere,
1001 1693 1025 1717 a.
1044 1676 1197 1732 quibus
1216 1675 1438 1733 quicquam
1460 1677 1539 1717 dis·
1623 1715 1689 1742 (taxii

155 1760 246 1785 cere
267 1745 409 1786 noluit.
1635 1767 1666 1795 3·

214 1815 364 1854 Petrus
384 1825 603 1870 postquam
627 1814 906 1870 baptizaverat
928 1813 1182 1864 Cornelium,
1204 1822 1245 1855 et
1260 1825 1537 1870 permanserat
1636 1836 1665 1862 4.

152 1882 210 1923 ibi
230 1881 376 1924 diebus
394 1881 566 1938 aliquot,
589 1881 771 1923 ascendit
800 1881 1110 1938 Hierosolyma:
1145 1882 1204 1923 Et
1229 1897 1323 1923 cum
1354 1882 1451 1923 illuc
1471 1899 1538 1924 ve-

152 1950 289 2002 nisset,
303 1951 584 2007 disceptabant
599 1951 802 1992 adversus
819 1965 911 1991 eam
922 1952 994 2007 qui
1011 1957 1132 1991 crant
1147 1964 1199 1991 ex
1213 1952 1536 2003 circumcisione,

153 2020 252 2061 Act.
273 2019 329 2060 xi.
347 2021 388 2060 2.
451 2021 558 2062 Cum
580 2029 718 2061 autem
739 2019 877 2060 omnia
896 2019 948 2060 de
975 2018 1180 2075 baptismo
1202 2019 1380 2060 Cornelii
1411 2035 1535 2076 expo-

152 2087 311 2139 suisset,
331 2094 549 2129 tacuerunt
568 2094 607 2129 et
621 2089 970 2144 glorificaverunt
991 2088 1142 2137 Deum,
1164 2101 1247 2127 ver.
1266 2088 1334 2127 18.

211 2155 362 2197 Saulus
381 2156 517 2198 adhuc
536 2156 733 2213 praedicat
753 2156 794 2197 in
818 2156 951 2213 Syria.
1608 2174 1691 2203 XLI.

210 2224 424 2265 Patefacto
451 2224 538 2280 jam
574 2225 781 2266 Gentibus
812 2224 908 2266 fidei
939 2224 1056 2275 ostio,
1086 2224 1232 2280 Cyprii
1263 2234 1302 2265 et
1325 2226 1533 2280 Cyrenen-
1548 2231 1705 2288 'Uaudii

151 2307 212 2333 ses
241 2291 411 2348 quidam
433 2292 667 2334 Antiochiae
690 2293 847 2335 Graecis
878 2293 1092 2334 Christum
1124 2292 1466 2349 praedicaverunt,
1492 2302 1531 2334 et
1634 2310 1664 2331 ι.

151 2374 326 2416 magnus
345 2375 486 2400 eorum
509 2375 705 2401 numerus
723 2376 943 2402 conversus
961 2370 1020 2402 est
1040 2361 1093 2401 ad
1115 2360 1358 2402 Dominum.
1567 2355 1584 2373 ²²
1597 2347 1669 2375 ’¹³¹¹‘
1684 2354 1735 2382 24-

211 2429 409 2469 Pervenit
435 2427 557 2468 etiam
586 2443 718 2470 sermo
743 2430 799 2469 ad
827 2416 951 2470 aures
971 2430 1187 2480 Ecclesiae,
1208 2443 1300 2486 quae
1318 2436 1408 2471 erat.
1428 2431 1533 2471 Hic-

150 2497 368 2553 rosolymis
387 2511 514 2553 super
533 2511 688 2553 magno
708 2512 879 2539 numero
897 2499 1154 2549 Groecorum,
1168 2498 1241 2554 qui
1261 2514 1339 2555 ope
1360 2499 1534 2556 Cyprio-

152 2578 243 2605 rum
274 2573 315 2604 et
344 2565 641 2620 Cyrenaeorum
671 2565 932 2620 quorundam
962 2567 1149 2607 conversi
1178 2573 1277 2607 sunt
1305 2567 1361 2608 ad
1390 2568 1534 2609 Domi-

151 2647 265 2683 num,
288 2634 382 2673 Act.
405 2632 461 2673 xi.
484 2633 554 2683 21,
572 2634 640 2673 22.

208 2702 423 2742 Miserunt
442 2716 543 2757 ergo
565 2701 809 2742 Barnabam
829 2717 956 2758 usque
977 2703 1032 2742 ad
1051 2703 1325 2744 Antiochiam.

775 2786 802 2810 A
824 2787 848 2810 a
871 2773 895 2811 4
