1799 3077
468 127 703 169 NOELLI
737 129 1203 171 CATECHISMUS.
1437 136 1522 178 297

135 255 229 280 cum
260 240 332 290 illi,
354 255 532 296 quorum
564 240 705 281 infima
731 251 792 282 est
812 241 994 292 fortuna,
1017 258 1064 282 ac
1083 241 1180 282 vitae
1201 243 1395 295 conditio,
1416 262 1524 286 com-

135 322 302 347 munem
324 306 343 335 k
358 309 524 347 Patrem
557 308 777 357 coelestem,
800 324 920 364 aeque
940 324 986 350 ac
1006 309 1174 359 foelices,
1197 318 1238 350 et
1263 311 1523 366 amplissimae

136 374 347 430 dignitatis
376 375 532 430 gradus
562 375 716 431 adepti,
737 375 961 432 appellent,
984 392 1053 418 eos
1082 392 1134 418 ne
1154 377 1301 419 fratres
1329 378 1524 435 dedigne-

136 458 244 493 mur,
266 442 339 499 qui
362 442 541 483 filiorum
569 443 725 484 honore
756 444 871 499 apud
901 446 1041 485 Deum
1072 445 1312 502 dignantur,
1334 446 1527 488 admone-

137 524 243 551 mur.
303 508 653 565 ¹Despicatissimi
676 526 786 561 vero,
808 520 849 552 et
870 512 943 568 qui
970 512 1012 553 in
1039 513 1117 554 hoc
1136 513 1296 554 mundo
1316 523 1412 555 sunt
1432 530 1526 556 con-

137 577 410 634 temptissimi,
427 578 504 619 hac
524 578 688 619 interim
708 579 983 621 consolatione
1003 580 1129 622 lenire
1151 597 1206 632 se,
1223 590 1349 637 atque
1370 592 1528 624 susten-

137 655 223 686 tare
252 654 440 702 possunt,
462 646 577 702 quod
607 646 649 687 in
670 647 774 688 coelo
803 648 1133 703 potentissimum
1165 650 1426 706 eundemque
1458 651 1527 692 be-

137 713 423 770 nignissimum
459 715 627 755 Patrem
662 715 853 756 habeant.
916 717 1125 757 Praeterea
1155 717 1227 773 qui
1261 719 1355 759 Deo
1390 727 1422 746 ¹¹¹
1438 719 1528 759 fidi-

137 797 243 833 mUS,
276 797 371 823 eum
404 791 513 822 recte
549 784 716 823 Patrem
750 799 835 824 esse
866 793 1053 825 nostrum
1085 786 1339 841 profitemur.
1403 788 1528 843 Impii

137 849 245 890 enim
266 858 393 905 atque
422 849 637 900 increduli,
661 859 708 891 ut
738 850 819 891 Dei
850 851 1078 907 potentiam
1106 853 1397 909 justitiamque
1427 856 1529 896 exti-

136 926 332 967 mescant,
353 926 537 973 paternae
558 928 694 958 tamen
715 920 804 974 ejus
824 934 923 975 erga
942 935 982 960 se
1007 919 1180 962 bonitati
1210 922 1415 964 confidere
1445 938 1527 964 non

138 995 325 1042 possunt.

196 1058 261 1097 M.
295 1057 384 1098 Cur
403 1057 544 1097 Deum
564 1056 606 1096 in
626 1057 730 1098 coelo
750 1072 835 1098 esse
854 1057 985 1099 dicis?

196 1125 253 1164 A.
286 1124 645 1174 Quemadmodum
668 1125 818 1166 coelum
849 1126 1030 1167 rotundo
1060 1135 1185 1181 atque
1214 1126 1414 1168 immenso
1443 1142 1528 1168 am-

138 1191 228 1232 bitu
249 1191 386 1232 omnia
405 1191 706 1247 complectitur,
724 1192 938 1234 circundat
959 1202 1123 1244 terram,
1141 1193 1357 1235 circundat
1377 1195 1524 1242 maria;

139 1276 213 1302 nec
242 1276 320 1310 res,
344 1269 417 1302 aut
447 1261 560 1302 locus
583 1271 644 1302 est
664 1262 826 1317 aliquis,
849 1262 922 1318 qui
943 1262 1033 1303 coeli
1055 1263 1279 1319 capacitate
1299 1278 1381 1304 non
1403 1264 1529 1320 cingi-

138 1338 208 1370 tur
237 1338 363 1384 atque
383 1328 659 1379 concluditur,
681 1339 825 1386 estque
855 1346 905 1371 ex
936 1330 1046 1371 omni
1079 1340 1197 1386 parte
1228 1342 1373 1387 patens
1403 1341 1528 1388 atque

137 1405 342 1453 apertum,
365 1406 407 1438 et
436 1397 560 1438 rebus
592 1397 783 1438 omnibus
812 1407 1016 1454 perpetuo
1049 1399 1104 1439 sic
1135 1399 1263 1449 adest,
1294 1409 1339 1441 ut
1368 1400 1409 1440 in
1440 1400 1529 1454 ejus

138 1464 257 1521 quasi
283 1474 505 1521 conspeetu
538 1464 726 1506 locentur
752 1465 967 1512 universa3
1001 1465 1058 1506 ita
1078 1467 1219 1507 Deum
1240 1476 1408 1508 ¹¹arcem
1437 1467 1528 1508 coeli

140 1540 360 1583 tenentem,
383 1548 519 1573 rerum
551 1533 706 1589 pariter
735 1533 919 1574 omnium
949 1533 1232 1589 gubernacula
1263 1544 1413 1585 tenere,
1440 1535 1530 1576 ubi-

140 1616 222 1657 que
242 1609 485 1657 praesentem
507 1602 661 1651 adesse,
684 1601 835 1651 videre,
858 1601 1014 1652 audire,
1037 1601 1239 1642 moderari
1260 1603 1451 1644 universa
1470 1603 1530 1643 in-

140 1668 374 1724 telligimus.

198 1737 262 1776 M.
296 1737 441 1792 Perge.

198 1804 253 1844 A.
288 1804 341 1844 In
361 1803 464 1844 coelo
484 1804 621 1854 etiam,
643 1805 697 1845 ob
722 1804 764 1844 id
796 1806 913 1846 Deus
943 1821 1028 1847 esse
1057 1807 1222 1858 dicitur,
1245 1809 1357 1864 quod
1388 1823 1530 1864 supre-

140 1886 220 1921 ma,
243 1879 368 1927 atque
389 1871 595 1912 ocoelestis
622 1871 691 1913 illa
711 1872 839 1928 regio,
863 1873 1026 1915 Divinis
1056 1875 1145 1931 ejus
1172 1885 1297 1932 atque
1323 1876 1529 1932 praeclaris

139 1938 334 1995 operibus
354 1940 682 1996 magnificentius
702 1940 876 1982 collucet
896 1951 1022 1997 atque
1051 1942 1291 1984 illustratur.
1353 1953 1372 1982 P
1386 1945 1525 1984 Deum

139 2016 339 2062 praeterea
358 2007 398 2048 in
421 2008 524 2049 coelo
544 2017 799 2064 regnantem,
821 2008 863 2049 in
883 2019 1037 2050 aeterna
1068 2020 1109 2051 et
1138 2026 1299 2052 summa
1318 2010 1528 2052 foelicitate

141 2090 227 2116 esse
248 2075 567 2126 demonstratur,
589 2091 683 2117 cum
712 2091 786 2116 nos
805 2076 942 2117 adhuc
962 2076 1003 2117 in
1025 2078 1142 2118 terris
1171 2079 1304 2134 patria
1334 2078 1456 2134 pulsi,
1479 2087 1526 2119 ut

141 2153 407 2199 paternorum
441 2145 646 2186 bonorum
676 2144 913 2185 exhaeredes
944 2144 1016 2185 filii
1048 2146 1193 2187 misere
1221 2156 1263 2187 et
1293 2146 1526 2187 calamitose

141 2211 370 2253 exulemus.
436 2211 556 2252 Idem
586 2227 685 2268 ergo
714 2211 837 2262 valet,
869 2213 1043 2253 qDeum
1075 2212 1116 2254 in
1149 2213 1252 2255 coelo
1282 2230 1381 2264 esse,
1412 2229 1459 2255 ac
1493 2214 1525 2254 si

141 2278 346 2320 coelestem
367 2288 408 2320 et
429 2279 561 2320 modis
579 2280 772 2321 omnibus
791 2279 992 2321 Divinum
1017 2296 1112 2321 eum
1139 2282 1355 2338 appellem,
1376 2282 1420 2322 id
1449 2291 1525 2332 est,

142 2346 607 2403 incomprehensibilem,
640 2346 974 2399 excelsissimum,
1007 2349 1349 2404 potentissimum,
1381 2350 1527 2391 beatis-

142 2413 305 2465 simum,
327 2415 546 2471 optimum,
568 2415 806 2456 maximum.

186 2498 200 2519 k
218 2499 297 2530 Mal.
314 2499 348 2530 ii.
364 2509 413 2530 10.
436 2501 531 2530 Joan.
551 2499 618 2529 viii.
635 2508 688 2538 41.
717 2509 727 2529 1
749 2500 823 2531 Cor.
840 2500 906 2530 viii.
922 2498 952 2530 6.
977 2501 1092 2540 Ephes.
1109 2501 1151 2531 iv.
1168 2509 1200 2540 5,
1218 2501 1249 2531 6.
1353 2501 1359 2521 ¹
1376 2502 1474 2533 Deut.
1492 2513 1524 2532 x.

147 2560 198 2594 17,
219 2553 267 2584 18.
289 2553 372 2584 Psal.
388 2564 418 2583 x.
437 2553 485 2583 ι8.
509 2553 612 2583 lxviii.
628 2560 660 2592 5,
674 2551 703 2583 6.
727 2553 822 2583 cxlvi.
840 2553 872 2591 6,
892 2561 922 2593 7,
938 2554 995 2584 &c.
1104 2560 1126 2574 ¹¹¹
1143 2554 1226 2586 Psal.
1242 2554 1287 2585 xi.
1300 2562 1333 2594 5,
1348 2553 1379 2593 6,
1395 2562 1423 2595 7.
1447 2565 1525 2586 xxv.

147 2617 176 2644 1,
192 2615 223 2644 2,
238 2607 297 2638 &c.
321 2607 426 2637 lxxiii.
446 2613 497 2646 25,
517 2605 569 2645 26,
587 2607 645 2636 &c.
670 2607 763 2636 Rom.
780 2606 801 2636 i.
820 2606 867 2636 18.
887 2606 920 2636 ii.
937 2605 969 2643 6,
989 2613 1019 2646 7,
1037 2607 1068 2637 8.
1172 2613 1186 2627 ¹¹
1203 2607 1287 2637 Psal.
1304 2607 1348 2638 xi.
1363 2616 1395 2646 4,
1413 2615 1443 2647 5.
1468 2618 1524 2639 xx.

145 2659 173 2690 6.
195 2660 308 2691 xxxiii.
325 2670 373 2700 ¹3-
396 2660 483 2691 cxiii.
498 2669 531 2698 4,
549 2667 582 2700 5,
599 2660 630 2691 6.
653 2670 723 2690 cxv.
740 2669 771 2698 3.
902 2667 915 2680 ⁰
934 2660 1019 2690 Psal.
1036 2660 1102 2691 viii.
1117 2670 1148 2699 3.
1173 2660 1240 2691 xix.
1261 2671 1288 2691 1.
1411 2668 1427 2688 P
1442 2662 1525 2692 l‘sal.

142 2713 209 2744 viii.
231 2723 259 2751 1,
279 2723 308 2751 2,
325 2723 359 2754 3,
375 2723 406 2752 4.
430 2714 472 2744 xi.
489 2723 522 2753 4,
537 2722 567 2753 5.
754 2719 767 2738 ¹⁴
784 2713 866 2744 Psal.
884 2713 905 2744 1.
922 2723 955 2753 3,
972 2722 1005 2752 4,
1022 2713 1053 2745 6.
1076 2713 1143 2745 lvii.
1161 2720 1194 2753 5,
1212 2724 1262 2753 ιο,
1279 2725 1290 2746 ι
1304 2723 1327 2746 ι.
1352 2714 1453 2745 lxviii.
1469 2724 1524 2753 32,

144 2775 196 2805 33.
213 2766 301 2798 cxiii.
317 2776 350 2805 4,
368 2774 398 2807 5.
