1799 3077
263 122 347 164 278
586 117 821 161 NOELLI
855 115 1320 158 CATECHISMUS.

323 233 384 274 Μ.
417 232 720 273 REMrssmNIs
741 229 906 270 nomine
926 229 1029 284 quid
1050 227 1282 284 significas?

323 302 382 342 A.
414 298 723 341 Liberationem
752 296 901 352 culpae,
923 296 1130 352 erratique
1160 295 1322 336 veniam
1353 293 1495 335 fideles
1517 309 1542 335 a
1561 295 1655 336 Deo

268 368 499 424 impetrare.
560 368 700 408 Deum
731 364 840 405 enim
869 365 1052 420 gratuito
1083 373 1278 420 rpropter
1313 362 1527 403 Christum
1563 378 1657 418 pec-

269 447 361 478 cata
389 436 487 493 ipsis
512 435 757 484 condonare,
780 448 932 489 eosque
955 432 1115 488 judicio
1146 441 1186 473 et
1217 430 1493 481 damnatione,
1518 430 1660 487 justis-

272 520 368 560 que,
386 514 426 545 et
447 502 584 544 sceleri
602 501 751 542 debitis
773 499 983 556 suppliciis
1003 499 1158 555 eripere
1177 507 1218 539 et
1238 498 1425 539 liberare.

332 573 399 613 M.
431 573 504 612 An
534 585 617 611 non
647 585 746 625 ergo
775 568 853 624 piis
883 567 1023 608 officiis
1053 575 1179 623 atque
1208 566 1401 622 operibus
1425 567 1519 606 Deo
1549 563 1663 605 satis-

274 640 423 689 facere,
440 648 481 680 et
501 646 763 694 peccatorum
783 636 944 677 veniam
965 635 1042 692 ipsi
1063 634 1209 676 mereri
1227 636 1477 690 possumus?

335 711 391 750 A.
423 706 553 748 Nulla
573 705 728 746 meritis
748 704 896 746 nostris
916 704 1091 745 debetur
1115 702 1415 749 misericordia3
1450 701 1518 743 sed
1548 701 1667 742 Deus

278 774 672 818 animadversionem
704 788 819 814 suam
851 782 892 814 et
928 771 1190 828 supplicium,
1224 786 1308 826 quo
1338 770 1381 810 in
1411 785 1486 810 nos
1515 783 1668 810 usurus

280 853 381 894 erat,
401 842 568 884 Christo
588 841 760 882 remittit
781 850 821 881 et
838 840 1053 881 condonat.
1097 839 1217 880 Solus
1237 838 1345 879 enim
1367 838 1558 879 Christus
1577 852 1670 893 per-

281 912 468 970 pessione
488 910 693 960 dolorum,
715 918 729 938 ⁵
743 918 783 949 et
803 917 934 949 morte
966 923 1053 958 sua,
1077 923 1160 963 qua
1183 921 1348 963 poenam
1380 905 1577 947 scelerum
1599 920 1671 945 no-

284 991 463 1022 strorum
479 978 677 1036 dependit
697 987 822 1033 atque
842 976 1052 1033 persolvit,
1075 977 1168 1016 Deo
1194 974 1411 1022 satisfecit;
1444 988 1518 1029 per
1539 972 1670 1013 solum

285 1065 384 1105 ergo
406 1048 620 1090 Christum
647 1056 856 1102 receptum
879 1045 931 1085 ad
955 1044 1035 1085 Dei
1055 1043 1229 1100 gratiam
1251 1042 1463 1083 habemus.
1515 1041 1603 1081 Nos
1622 1056 1674 1080 ex

286 1116 469 1172 gratuita
489 1116 602 1171 tejus
621 1113 863 1155 liberalitate
893 1121 1018 1167 atque
1050 1110 1302 1166 benignitate
1331 1108 1574 1150 beneficium
1595 1107 1674 1147 hoc

288 1183 545 1240 accipientes,
567 1181 669 1222 nihil
697 1181 911 1230 habemus,
934 1179 1048 1235 quod
1064 1178 1221 1235 praemii
1243 1186 1316 1218 aut
1336 1174 1678 1233 compensationis

288 1252 467 1300 nomine,
488 1249 567 1306 ipsi
582 1248 757 1290 vicissim
779 1248 998 1288 offeramus
1019 1255 1091 1287 aut
1111 1245 1278 1286 reddam
1287 1260 1346 1286 us.

347 1321 412 1360 M.
446 1316 614 1359 Nihilne
642 1316 809 1357 omnino
838 1331 915 1371 pro
945 1323 1085 1356 nostra
1118 1322 1235 1370 parte
1263 1312 1513 1362 faciendum,
1536 1319 1584 1352 ut
1613 1326 1681 1351 ve-

290 1387 400 1428 niam
422 1392 686 1442 peccatorum
707 1383 1006 1439 impetremus?

351 1456 407 1495 A.
442 1451 628 1494 Tametsi
657 1451 763 1491 inter
790 1450 975 1491 homines
1005 1464 1193 1490 concesso
1224 1456 1404 1504 peccato,
1426 1446 1588 1488 difficile
1623 1454 1684 1486 est

294 1522 348 1563 ab
374 1538 436 1571 eo,
459 1519 531 1576 qui
563 1529 825 1575 peccatorum
859 1517 1011 1558 vindex
1047 1533 1132 1558 esse
1162 1516 1299 1566 debet,
1322 1524 1369 1556 ut
1398 1515 1582 1571 ignoscat
1611 1513 1686 1554 im-

296 1599 484 1646 petrare3
516 1586 812 1629 confessionem
848 1594 985 1626 tamen
1017 1584 1168 1625 erranti
1203 1583 1446 1624 medicinam
1477 1582 1686 1638 quandam

299 1674 398 1708 esse,
429 1672 481 1698 ne
511 1673 536 1698 a
564 1655 717 1712 pietate
748 1653 918 1710 quidem
954 1663 1094 1694 nostra
1124 1652 1279 1694 ualieni
1314 1652 1569 1709 ignorarunt.
1631 1651 1688 1691 Et

302 1725 565 1775 Poenitentia,
588 1739 714 1779 quam
736 1722 1075 1778 Resipiscentiam
1097 1721 1267 1777 quidam
1287 1721 1448 1762 malunt
1468 1719 1689 1777 appellare,

302 1805 428 1850 atque
454 1792 609 1834 consilii
638 1791 866 1832 mutatione
894 1789 1179 1847 peccatoribus
1208 1805 1313 1846 opus
1343 1805 1429 1830 esse
1458 1789 1510 1830 ad
1532 1788 1691 1829 veniam

304 1861 620 1918 impetrandam,
635 1861 724 1916 jam
755 1868 849 1900 ante
869 1859 1025 1900 dictum
1054 1869 1138 1906 est;
1172 1867 1213 1899 et
1241 1858 1525 1914 peccatoribus
1555 1873 1596 1897 se
1626 1872 1694 1897 ve-

305 1930 415 1972 niam
436 1929 649 1977 daturum,
671 1927 877 1968 Dominus
898 1926 1116 1982 promittit,
1139 1926 1170 1967 si
1191 1943 1259 1968 eos
1278 1927 1490 1983 poeniteat,
1512 1935 1533 1954 x
1546 1926 1578 1967 si
1598 1925 1695 1966 resi-

308 1998 480 2054 piscant,
498 1997 738 2052 animosque
759 2011 782 2036 a
802 1994 897 2036 vitae
918 1994 1120 2050 pravitate
1140 1995 1194 2035 ad
1214 1995 1350 2051 ipsum
1371 2004 1622 2036 convertant.

370 2067 435 2106 M.
470 2067 582 2116 Quot
603 2073 699 2106 sunt
721 2063 982 2104 Poenitentiae
1002 2065 1169 2119 partes?

370 2136 426 2175 A.
459 2135 570 2174 Duae
590 2132 822 2189 praecipuae.
874 2131 1033 2172 Veteris
1063 2130 1253 2179 hominis,
1276 2130 1360 2171 sive
1380 2130 1511 2171 carnis
1531 2128 1701 2171 mortifi-

314 2202 444 2249 cati03
478 2210 518 2242 et
539 2200 650 2241 Novi
670 2199 860 2250 hominis,
878 2199 961 2239 sive
986 2198 1165 2255 Spiritus
1185 2197 1413 2238 vivificatio.

375 2271 439 2310 M.
472 2268 675 2325 Apertius
695 2268 772 2308 ista
791 2267 1037 2323 planiusque
1058 2265 1252 2322 explicari
1273 2265 1405 2306 velim.

375 2339 433 2380 A.
466 2336 624 2378 Veteris
654 2335 830 2376 hominis
859 2334 1132 2384 mortificatio,
1164 2343 1225 2374 est
1254 2333 1424 2389 agnitio,
1456 2331 1707 2373 yconfessio-

320 2419 402 2460 que
421 2404 577 2460 peccati
607 2403 787 2459 ingenua
806 2410 932 2457 atque
963 2417 1146 2457 syncera,
1171 2410 1260 2442 tum
1281 2400 1405 2442 animi
1426 2400 1563 2456 pudor
1583 2409 1707 2455 atque

368 2549 379 2562 f
395 2543 479 2573 Psal.
497 2542 600 2572 xxxii.
621 2552 649 2579 1,
667 2551 696 2572 2.
721 2543 793 2572 Act.
806 2540 941 2579 xiii.38.
963 2541 1051 2570 xxvi.
1070 2540 1117 2570 18.
1141 2541 1233 2570 Rom.
1247 2540 1292 2569 iii.
1306 2548 1355 2576 24.
1381 2539 1494 2578 Ephes.
1512 2539 1533 2568 i.
1553 2546 1580 2578 7.
1604 2538 1710 2568 Colos.

325 2596 345 2626 i.
367 2605 416 2633 13,
434 2604 483 2633 14.
572 2602 582 2615 ⁵
600 2595 686 2626 Esai.
703 2595 760 2624 liii.
777 2604 811 2632 4,
828 2603 861 2634 5,
876 2593 909 2631 8,
926 2603 974 2624 12.
999 2594 1092 2624 Rom.
1110 2604 1139 2623 v.
1158 2594 1191 2631 8,
1213 2603 1260 2624 10.
1284 2592 1391 2623 Colos.
1409 2593 1429 2621 i.
1447 2601 1499 2629 20,
1514 2601 1564 2621 21.
1589 2600 1604 2621 2
1622 2591 1710 2621 Tim.

328 2649 349 2678 i.
367 2658 414 2679 10.
440 2649 523 2678 Heb.
540 2649 583 2679 ix.
605 2659 655 2686 14,
674 2656 721 2688 15.
817 2651 825 2667 ¹
850 2648 943 2678 Rom.
960 2648 1004 2677 iii.
1023 2656 1075 2685 24,
1093 2655 1145 2687 25,
1162 2655 1214 2687 27,
1231 2647 1280 2677 28.
1305 2647 1376 2676 Gal.
1393 2646 1426 2676 ii.
1446 2644 1493 2675 16.
1604 2650 1617 2663 ¹¹
1642 2644 1711 2674 Cic.

331 2708 344 2721 ¹
367 2701 434 2732 Jer.
452 2694 540 2732 xviii.
554 2702 585 2731 8.
618 2703 711 2732 Ezec.
727 2701 815 2732 xviii.
834 2711 887 2738 21,
903 2711 958 2740 30,
975 2711 1029 2740 31,
1049 2710 1102 2740 32.
1132 2701 1245 2731 xxxiii.
1265 2709 1312 2738 14.
1345 2701 1426 2730 Mat.
1442 2700 1482 2729 iv.
1504 2705 1552 2737 17.
1585 2698 1663 2728 Luc.
1681 2707 1711 2727 v.

333 2764 384 2794 32.
471 2762 483 2780 ,v
509 2755 590 2785 Psal.
608 2755 708 2785 xxxii.
724 2764 757 2792 4,
775 2763 804 2794 5.
828 2756 862 2785 li.
879 2765 912 2794 3,
930 2764 959 2793 4.
985 2756 1076 2786 Prov.
1094 2755 1205 2785 xxviii.
1226 2763 1274 2793 ¹3·
1303 2764 1310 2784 ι
1331 2754 1427 2785 Joan.
1443 2753 1463 2783 i.
1481 2752 1513 2789 8,
1530 2762 1561 2792 9.
