1799 3077
457 166 463 171 χ
502 130 795 172 ANNALES
828 101 1124 170 PAULINI(
1412 127 1497 171 367

171 249 272 289 Post
298 246 477 288 reditum
499 244 711 287 Timothei
738 259 790 285 ex
816 242 1066 285 Macedonia
1086 241 1226 283 scribit
1245 242 1425 299 priorem
1444 243 1495 284 ad
1523 252 1606 282 AErae
1620 254 1703 291 vulg.

113 315 495 357 Thessalonicenses
516 312 761 370 Epistolam,
783 313 805 353 1
830 312 975 353 Thess.
995 310 1048 351 iii.
1073 311 1112 362 1,
1133 319 1175 351 et
1195 308 1233 351 6.
1582 296 1648 324 Lu·

170 385 266 425 Hoc
300 393 498 439 tempore,
530 391 578 423 ut
606 380 786 431 videtur,
818 379 978 421 Paulus
1007 378 1138 420 multa
1173 378 1225 419 de
1256 378 1499 420 Christianis
1556 382 1676 410 Claudii

113 452 311 493 Romanis
341 449 541 500 audierat,
575 458 616 490 et
645 464 696 490 ex
732 464 780 490 eo
810 447 930 489 valde
961 446 1197 503 concupivit
1228 447 1405 488 Romam
1441 446 1497 487 vi-
1589 433 1635 454 η’

110 520 221 571 dere,
254 521 395 560 Deum
428 534 536 575 saepe
570 526 761 574 precatus
793 526 840 558 ut
869 515 1093 573 aliquando
1122 515 1220 556 illue
1250 514 1496 565 mitteretur,

111 589 192 644 Ep.
214 587 267 628 ad
287 588 406 628 Rom.
430 602 518 643 cap.
540 585 564 627 i.
587 588 629 637 9,
645 587 711 627 13.
734 595 775 626 et
795 600 882 641 cap.
906 600 972 626 xv.
996 586 1064 635 22,
1088 585 1153 625 23.

171 657 280 697 Cum
312 657 527 697 Cumanus
556 655 644 711 jam
679 653 975 695 condemnatus
1010 662 1128 703 esset,
1161 652 1280 693 Felix
1315 667 1339 692 a
1374 650 1498 693 Clau-
1569 665 1655 693 Lm.

110 724 180 766 dio
211 726 462 781 Procurator
489 724 519 764 J
524 722 655 764 udaeae
685 737 828 763 rursus
857 721 992 762 factus
1021 730 1106 769 est;
1140 736 1266 778 quam
1285 735 1381 762 cum
1401 719 1498 776 jure
1549 751 1671 779 Claudii

109 792 234 850 gladii
264 791 515 848 provinciam
546 806 628 831 una
658 805 752 831 cum
782 789 966 831 Samaria
986 800 1027 831 et
1049 789 1222 831 Galilaea
1242 788 1498 831 administra·
1589 803 1637 832 13·

110 870 184 901 ret.

169 930 208 970 S.
242 928 400 969 Paulus
431 926 621 970 Corinthi
651 941 787 968 coram
820 925 1010 968 Gallione
1041 925 1215 966 Achaiae
1247 925 1498 967 Proconsule

110 996 276 1038 sistitur.
328 998 435 1037 Erat
454 995 520 1037 hic
542 995 677 1037 Gallio
696 995 824 1036 frater
843 994 977 1036 senior
997 994 1150 1035 Annaei
1173 995 1362 1042 Senecae3
1386 995 1497 1035 unde

108 1064 244 1121 colligi
273 1073 423 1120 potest,
449 1063 526 1105 hoc
557 1073 720 1120 tempus
749 1062 946 1104 idoneum
973 1062 1112 1113 fuisse,
1135 1078 1219 1119 quo
1242 1063 1406 1112 Procos.
1428 1062 1498 1103 fie-

111 1142 183 1174 ret.
246 1133 358 1174 Tota
380 1133 626 1174 Senecarum
655 1131 811 1173 familia
831 1131 1008 1173 Claudio
1028 1131 1206 1172 maxime
1223 1131 1382 1172 infensa
1401 1130 1496 1181 fuit,

111 1202 225 1258 quod
245 1203 456 1243 Annaeum
483 1201 615 1258 gravi,
638 1210 678 1242 et
705 1200 904 1242 diuturno
931 1200 1054 1241 exilio
1074 1201 1335 1250 mulctasset;
1367 1217 1393 1242 a
1412 1216 1497 1257 quo

111 1271 276 1313 tandem
306 1270 503 1312 liberatus
532 1281 593 1312 est
623 1285 731 1311 anno
760 1269 927 1311 Claudii
949 1284 1009 1310 1x.
1045 1269 1245 1326 Pompeio
1275 1278 1316 1311 et
1345 1270 1497 1311 Veran-

109 1340 178 1382 nio
205 1341 318 1381 Coss.
350 1348 398 1380 ut
428 1339 553 1380 tradit
582 1339 755 1381 Tacitus
780 1338 849 1380 lib.
874 1337 942 1379 xii.
969 1353 1002 1380 c.
1026 1341 1064 1379 8.
1125 1339 1184 1379 Et
1205 1338 1341 1380 statim
1362 1338 1495 1380 factus

109 1417 170 1450 est
192 1409 377 1459 Senator,
399 1409 569 1450 Sueton.
592 1408 632 1448 in
655 1409 824 1449 Nerone
845 1423 932 1464 cap.
957 1409 994 1451 7.
1051 1407 1191 1463 Eique
1212 1406 1422 1449 Domitius
1441 1407 1495 1449 ab

110 1476 347 1534 Agrippina
366 1477 542 1518 traditur
561 1476 848 1518 instituendus.
889 1478 1018 1517 Anno
1039 1475 1204 1517 Claudii
1220 1490 1263 1517 x.
1286 1476 1496 1517 Domitius

110 1545 151 1587 in
177 1545 373 1587 familiam
402 1545 567 1587 Claudii
593 1555 633 1587 et
661 1561 810 1590 nomen
838 1545 1016 1587 Neronis
1049 1545 1208 1595 transit,
1240 1545 1425 1587 Antistio
1455 1554 1496 1587 et

113 1613 242 1654 Suilio
269 1615 385 1655 Coss.
421 1615 555 1655 Tacit.
586 1606 653 1655 xii.
683 1629 770 1670 cap.
795 1613 860 1655 26.
921 1615 1111 1654 Annaeus
1130 1628 1225 1654 cum
1246 1628 1405 1669 semper
1424 1614 1496 1655 ob-

111 1691 308 1723 servasset
336 1682 567 1724 Gallionem
594 1682 795 1723 honorum
826 1682 1003 1723 maxime
1033 1681 1232 1738 cupidum
1259 1697 1358 1732 esse,
1380 1698 1496 1723 curae

113 1749 170 1790 vit
190 1758 238 1790 ut
257 1749 324 1791 ille
346 1751 437 1791 Cos.
460 1750 655 1791 suffectus
680 1760 784 1791 esset
804 1765 926 1802 anno,
948 1759 996 1791 ut
1016 1749 1194 1800 videtur,
1217 1764 1275 1790 XI.
1298 1761 1338 1791 et
1359 1750 1495 1792 statim

112 1817 275 1858 Procos.
305 1818 421 1860 fieret
447 1834 555 1860 anno
583 1818 747 1860 Claudii
769 1833 848 1859 ΧΠ.
871 1828 1072 1867 exeunte;
1105 1818 1237 1860 «Iunio
1258 1828 1298 1860 et
1319 1819 1496 1861 Haterio

111 1885 224 1926 Coss.
257 1895 298 1927 et
327 1885 493 1942 quidem
526 1886 710 1928 Achaiae.
773 1886 839 1928 Sic
869 1887 977 1928 enim
1007 1887 1254 1944 interpretor
1283 1888 1492 1938 Senecam,

111 1953 191 2008 Ep.
217 1954 311 1994 104.
340 1955 462 1995 Istud
488 1955 590 1995 milzz·
618 1956 664 1995 in
684 1970 753 1996 ore
773 1961 864 1997 erat
884 1956 1059 1996 Domini
1079 1957 1158 1996 mei
1182 1956 1401 2007 Gallionis,
1422 1957 1495 2012 qui

109 2036 202 2061 cum
237 2023 284 2062 in
316 2023 476 2064 Achaia
492 2025 664 2079 fibrem
699 2024 846 2065 habere
879 2024 1079 2080 coepisset,
1110 2030 1311 2080 protenus
1345 2038 1494 2065 navem

109 2091 306 2140 ascendit,
341 2092 574 2143 clamitans,
608 2093 709 2134 Non
743 2094 929 2149 corporis
963 2107 1048 2134 esse
1081 2094 1153 2134 secl
1186 2094 1263 2134 loci
1294 2094 1490 2135 morbum.

112 2158 300 2198 Fratrem
328 2159 435 2200 enim
462 2161 657 2217 majorem
685 2171 904 2217 postquam
928 2160 1082 2202 Consul
1112 2171 1152 2201 et
1180 2161 1406 2202 Proconsul
1429 2162 1494 2203 fu-

109 2225 218 2276 isset,
240 2227 470 2268 Dominum
489 2229 722 2285 appellavit.

170 2295 210 2335 S.
244 2294 402 2336 Paulus
431 2311 455 2336 a
486 2296 676 2338 Gallione
710 2298 903 2339 dimissus
932 2297 1156 2355 permansit
1187 2298 1376 2340 Corinthi
1409 2298 1495 2339 dies

111 2363 286 2412 multos;
315 2364 387 2406 ubi
418 2365 557 2407 scribit
587 2367 805 2408 secundam
836 2367 889 2408 ad
918 2366 1303 2409 Thessalonicenses
1330 2367 1496 2424 Episto-

109 2431 205 2483 lam,
227 2431 453 2488 imperante
473 2433 610 2475 adhuc
633 2434 826 2476 Claudio:
854 2435 968 2491 quod
988 2435 1305 2486 observandum,
1328 2451 1379 2476 ne
1399 2451 1493 2477 con-

109 2499 470 2558 cludamus‚-—qm'
495 2517 607 2543 nunc
637 2509 757 2553 tenet,
777 2502 902 2544 fuisse
923 2503 1146 2554 Neronem,
1170 2506 1196 2543 2
1225 2504 1365 2544 Thess.
1389 2503 1427 2544 ii.
1451 2507 1490 2547 7.

114 2569 174 2609 Ut
193 2569 372 2610 Hieron.
395 2569 448 2611 ad
469 2571 703 2627 Algasiam,
727 2573 808 2627 Ep.
828 2572 893 2612 12.
917 2570 984 2614 67.

169 2636 296 2678 Initio
323 2637 451 2694 hujus
480 2638 589 2688 anni,
615 2647 833 2695 postquam
864 2639 1053 2681 Corinthi
1084 2655 1156 2697 per
1185 2655 1339 2682 annum
1365 2649 1406 2682 et
1433 2642 1491 2682 di-
1564 2652 1646 2682 LIV.

111 2704 280 2746 midium
303 2706 575 2762 praedicasset,
595 2707 761 2764 navigat
781 2707 1011 2764 Ephesum,
1029 2718 1069 2750 et
1090 2709 1239 2750 relictis
1258 2709 1299 2751 in
1321 2726 1369 2751 ea
1389 2710 1490 2751 urbe
1544 2739 1663 2769 Claudii

111 2773 267 2828 Aquila
288 2784 327 2815 et
352 2774 550 2825 Priscilla,
574 2784 661 2830 post
684 2791 836 2831 paucos
863 2775 949 2817 dies
976 2776 1070 2817 inde
1092 2778 1299 2833 profectus
1318 2787 1379 2819 est
1401 2781 1491 2819 Cae-
1582 2790 1629 2818 ¹4·
