1799 3077
445 121 680 162 NOELLI
714 121 1183 162 CATECHISMUS.
1428 123 1511 163 315

179 236 238 276 A.
269 244 290 274 g
304 234 475 291 Effigies
496 234 664 291 quidem
695 243 770 285 est,
793 234 864 275 sed
896 234 1064 275 minime
1094 233 1240 284 inanis,
1262 243 1335 275 aut
1362 233 1513 282 fallax3

123 311 171 344 ut
206 302 273 343 cui
303 317 440 343 rerum
472 303 655 359 ipsarum
691 301 842 342 veritas
872 301 1070 357 adjuncta
1103 300 1154 342 sit
1187 310 1314 356 atque
1343 315 1515 340 annexa.

124 371 235 410 Nam
267 370 385 412 sicuti
416 372 533 411 Deus
564 379 824 426 peccatorum
847 368 1205 428 condonationem,
1227 378 1268 409 et
1289 367 1384 408 vitae
1406 367 1519 407 novi-

123 446 250 478 tatem
270 437 388 478 nobis
409 453 504 478 vere
524 437 564 478 in
593 437 799 493 baptismo
827 437 961 488 offert,
983 437 1041 479 ita
1060 452 1086 478 a
1104 436 1223 477 nobis
1243 444 1355 476 certo
1375 434 1519 490 recipi-

125 516 266 547 untur.
327 505 348 534 h
363 505 491 546 Absit
515 505 622 546 enirn
646 515 694 546 ut
714 506 855 546 Deum
876 506 991 546 vanis
1010 520 1085 546 nos
1105 503 1355 560 imaginibus
1375 502 1518 543 ludere

123 582 250 629 atque
268 572 461 613 frustrari
482 583 690 629 putemus.

184 641 248 681 M.
282 641 379 681 Non
400 656 499 696 ergo
520 640 797 681 remissionem
818 648 1082 696 peccatorum
1113 648 1283 681 externa
1313 654 1433 694 aquae
1463 637 1519 678 la-

125 708 289 749 vatione
310 717 382 749 aut
403 708 635 764 aspersione
655 708 976 764 consequimur?

183 777 240 816 A.
273 775 472 816 Minime:
508 777 617 817 Nam
650 775 760 816 solus
791 775 983 817 Christus
1004 773 1226 830 isanguine
1259 788 1334 814 suo
1366 772 1519 814 anima-

126 859 220 884 rum
241 854 471 884 nostrarum
495 843 675 884 maculas
696 843 774 884 luit
794 852 920 899 atque
948 842 1060 883 eluit.
1122 844 1253 882 Hunc
1273 857 1371 897 ergo
1391 841 1520 882 hono-

126 927 213 952 rem
237 922 408 952 externo
435 911 636 952 elemento
667 911 849 952 tribuere
879 911 993 951 nefas
1021 919 1092 951 est.
1156 911 1310 951 Verum
1341 909 1519 966 Spiritus

130 980 305 1020 Sanctus
326 979 625 1020 kconscientias
654 988 814 1020 nostras
844 994 958 1020 sacro
989 978 1060 1019 illo
1093 977 1291 1034 sanguine
1311 978 1428 1033 quasi
1458 993 1520 1018 as-

128 1063 318 1103 pergens,
336 1047 527 1088 abstersis
542 1047 734 1089 omnibus
754 1046 908 1103 peccati
926 1046 1129 1097 sordibus,
1146 1061 1273 1102 puros
1288 1060 1362 1085 nos
1382 1061 1518 1086 coram

129 1116 223 1156 Deo
244 1115 394 1156 reddit.
446 1115 591 1171 Hujus
611 1131 709 1156 vero
735 1124 998 1171 peccatorum
1020 1122 1253 1154 nostrorum
1277 1113 1520 1169 expiationis

129 1183 455 1239 obsignationem
476 1192 601 1239 atque
621 1183 774 1240 pignus
794 1183 836 1223 in
860 1184 1123 1224 sacramento
1144 1181 1356 1222 habemus.

188 1252 252 1291 M.
285 1251 657 1307 Regenerationem
677 1266 776 1292 vero
798 1251 908 1292 unde
928 1251 1159 1292 habemus?

188 1321 241 1360 A.
276 1321 374 1361 Non
395 1319 562 1360 aliunde
582 1334 708 1375 quam
735 1335 760 1360 a
786 1328 917 1360 morte
947 1323 1001 1360 et*
1017 1317 1314 1359 resurrectione
1337 1317 1517 1365 Christi3

131 1388 248 1429 ¹nam
270 1404 344 1445 per
363 1387 506 1428 mortis
533 1404 619 1428 suae
638 1387 721 1428 vim
754 1397 873 1428 vetus
900 1387 1024 1428 homo
1055 1395 1192 1428 noster
1213 1385 1521 1442 quodammodo

130 1455 385 1512 crucifigitur
407 1465 446 1497 et
468 1456 751 1506 mortificatur,
773 1465 815 1497 et
834 1464 993 1496 naturae
1014 1464 1164 1496 nostrae
1187 1453 1383 1495 vitiositas
1404 1452 1521 1508 quasi

133 1524 341 1581 sepelitur,
359 1539 410 1564 ne
430 1524 607 1580 amplius
628 1524 669 1564 in
692 1524 809 1564 nobis
825 1523 937 1564 vivat
957 1532 997 1564 et
1013 1522 1162 1578 vigeat.
1195 1520 1523 1563 Resurrectionis

133 1607 231 1633 vero
252 1608 337 1634 suae
357 1592 555 1633 beneficio
575 1592 692 1633 nobis
712 1592 900 1648 largitur,
922 1601 970 1633 ut
990 1591 1032 1632 in
1049 1606 1197 1632 novam
1213 1590 1339 1632 vitam
1356 1589 1409 1630 ad
1429 1589 1524 1630 obe-

134 1660 332 1701 diendum
355 1660 436 1701 Dei
451 1660 625 1716 justitiae
645 1660 928 1701 reformemur.

193 1731 257 1770 M.
290 1731 363 1770 An
392 1728 567 1785 gratiam
602 1728 708 1770 hanc
742 1743 884 1770 omnes
915 1728 1188 1769 communiter
1222 1736 1264 1768 et
1293 1726 1524 1784 promiscue

134 1807 445 1853 consequuntur
458 1799 475 1838 Ρ

193 1868 248 1907 A.
281 1875 314 1895 m
331 1866 416 1908 Soli
432 1866 573 1908 fideles
592 1867 705 1907 hunc
721 1866 904 1908 fructum
925 1866 1184 1923 percipiunt:
1207 1864 1408 1906 increduli
1429 1879 1527 1905 vero

135 1935 293 1976 oblatas
313 1934 394 1976 illic
414 1950 438 1975 a
458 1936 551 1976 Deo
572 1935 859 1991 promissiones
879 1935 1128 1991 respuendo,
1145 1934 1302 1975 aditum
1327 1932 1401 1974 sibi
1422 1948 1527 1988 prae-

135 2002 362 2053 cludentes,
384 2001 524 2043 inanes
544 2003 712 2051 abeunt,
736 2017 818 2042 non
839 2011 976 2043 tamen
1003 2001 1096 2042 ideo
1123 2001 1318 2051 efficiunt,
1342 2009 1389 2041 ut
1409 2013 1524 2040 suam

140 2073 405 2112 Sacramenta
424 2070 507 2111 vim
528 2080 569 2112 et
590 2080 780 2111 naturam
800 2069 1003 2110 amittant.

197 2140 261 2179 M.
295 2139 452 2179 Rectus
473 2154 571 2195 ergo
591 2137 783 2195 baptismi
804 2153 905 2178 usus
925 2137 1078 2193 quibus
1104 2136 1146 2177 in
1177 2137 1301 2178 rebus
1328 2135 1379 2177 sit
1409 2134 1524 2184 situs,

138 2206 318 2248 breviter
338 2205 523 2247 edissere.

196 2276 251 2315 A.
286 2275 339 2314 In
371 2273 477 2314 Fide
498 2282 539 2314 et
558 2273 823 2315 Poenitentia.
883 2272 1108 2313 nPrimum
1140 2272 1247 2313 enim
1270 2271 1425 2313 Christi
1455 2286 1529 2311 nos

140 2342 339 2398 sanguine
360 2357 384 2382 a
404 2341 561 2382 cunctis
591 2350 793 2398 purgatos
821 2341 1011 2382 sordibus
1041 2341 1135 2381 Deo
1164 2350 1303 2396 gratos
1328 2354 1426 2389 esse,
1450 2338 1530 2394 spi-

184 2504 198 2524 ε
213 2498 308 2527 Joan.
324 2496 371 2526 iii.
387 2503 417 2536 5.
450 2497 523 2526 Act.
540 2495 619 2525 xxii.
638 2494 687 2526 16.
717 2495 833 2534 Ephes.
849 2506 879 2525 v.
898 2494 947 2525 26.
977 2495 1044 2525 Tit.
1062 2495 1109 2525 iii.
1127 2505 1157 2535 5.
1267 2494 1282 2514 ¹¹
1299 2495 1394 2525 Joan.
1412 2494 1478 2525 xiv.
1495 2494 1529 2532 6,

146 2560 194 2591 17.
226 2551 320 2581 Rom.
337 2550 384 2580 iii.
398 2559 430 2587 4.
461 2549 546 2580 Heb.
563 2559 594 2578 x.
614 2558 664 2587 23.
892 2547 997 2579 iMat.
1014 2549 1102 2579 xxvi.
1120 2549 1170 2579 28.
1204 2549 1319 2588 Ephes.
1337 2548 1359 2578 i.
1379 2555 1406 2588 7.
1429 2559 1459 2578 v.
1479 2557 1529 2587 25.

144 2604 250 2634 Colos.
271 2604 291 2633 ἱ.
312 2613 362 2641 14,
383 2612 432 2633 20.
455 2603 523 2633 Tit.
540 2602 586 2632 iii.
603 2611 635 2642 5,
649 2601 680 2632 6.
705 2603 805 2641 Apoc.
822 2602 842 2631 i.
859 2610 889 2641 5.
1021 2601 1036 2623 k
1052 2603 1149 2632 Joan.
1166 2602 1212 2633 iii.
1227 2610 1258 2642 5.
1282 2602 1377 2633 Rom.
1393 2601 1461 2632 viii.
1481 2610 1528 2640 15,

148 2657 197 2688 16.
221 2658 305 2688 Heb.
323 2658 367 2687 ix.
390 2666 436 2694 14.
462 2668 493 2687 x.
513 2666 563 2687 22.
650 2655 657 2676 ¹
675 2656 769 2686 Rom.
787 2654 828 2685 vi.
844 2663 878 2693 3,
897 2656 955 2685 &c.
972 2660 1050 2686 toto.
1139 2662 1161 2675 “¹
1179 2657 1263 2686 Mar.
1279 2656 1343 2686 xvi.
1360 2655 1408 2686 16.
1432 2656 1530 2684 Joau.

144 2711 166 2741 i.
183 2721 231 2741 12.
255 2711 300 2741 iii.
323 2710 370 2748 16,
392 2711 439 2741 18.
578 2716 591 2730 ¹¹
610 2710 691 2740 Mat.
707 2709 794 2739 xxvi.
814 2708 864 2740 28.
890 2708 1135 2739 Marc.xvi.16.
1159 2709 1253 2740 Rom.
1271 2709 1337 2740 viii.
1353 2718 1386 2749 9,
1408 2718 1457 2745 11,
1479 2715 1530 2748 15,

150 2765 200 2802 16,
220 2772 268 2805 17.
293 2765 408 2805 Ephes.
425 2765 446 2796 i.
465 2773 492 2804 7.
517 2775 545 2794 v.
567 2772 620 2804 25,
640 2763 688 2794 26.
712 2764 818 2794 Colos.
835 2761 855 2792 i.
878 2771 927 2800 14,
947 2772 996 2793 20.
