1799 3077
90 2438 262 2477 Religionis

90 2486 192 2522 partes
209 2491 283 2520 qua—

90 2528 171 2555 tuor.

300 139 383 178 5212
627 133 858 178 NOELLI
894 134 1356 187 CATECHISMUS.

298 250 552 299 charitatem,
569 264 693 305 quam
714 249 926 300 debemus,
943 257 1201 305 praestamus,
1220 256 1253 277 m
1269 245 1575 296 Poenitentiam‚
1591 261 1685 302 pec-

298 318 505 360 catoribus
525 317 578 358 ad
599 317 681 357 Dei
709 316 1024 357 misericordiam
1053 316 1383 372 consequendam
1409 314 1587 355 maxime
1617 329 1685 355 ne-

298 386 532 434 cessariam„
549 384 816 425 substituunt.
880 384 1153 434 Quibusdam,
1181 383 1253 440 qui
1283 383 1423 439 plures
1452 391 1590 438 partes
1616 397 1688 422 vo-

298 455 404 504 lunt,
426 454 559 510 prima
578 461 652 502 est,
675 461 696 480 ¹¹
712 451 906 507 Cognitio
927 451 1056 492 debiti
1076 451 1197 492 officii
1218 467 1269 492 ex
1294 452 1425 507 Lege,
1447 460 1488 491 et
1517 450 1686 491 damna-

297 523 355 564 tio
385 538 458 579 per
489 522 647 577 Legem
677 520 731 560 ob
761 519 985 571 desertum,
1013 519 1361 575 repudiatumque
1391 517 1595 565 officium;
1628 532 1687 558 se-

298 591 448 641 cunda,
469 599 486 617 ⁰
502 588 697 645 Cognitio
715 587 948 643 fiduciaque
969 587 1221 628 liberationis
1241 602 1292 627 ex
1320 586 1573 642 Evangelio3
1607 594 1686 626 ter-

299 659 369 709 tia,
387 667 407 696 Ρ
421 657 609 698 Precatio
625 655 941 711 imploratioque
958 655 1123 696 Divinae
1140 654 1366 696 clementiae
1381 662 1507 710 atque
1522 653 1685 700 auxilii;

299 735 461 782 quarta,
483 733 502 762 q
519 723 761 766 Gratiarum
781 723 887 764 actio
907 738 983 779 pro
1003 723 1244 764 liberatione
1270 722 1510 778 caeterisque
1535 721 1687 762 benefi-

299 794 370 836 ciis
393 793 568 834 Divinis.
632 792 713 833 Sed
744 802 958 848 utcunque
988 791 1223 833 nominibus
1244 791 1416 841 varient,
1438 805 1502 830 res
1532 789 1688 831 eaedem

299 871 409 911 sunt,
430 871 472 902 et
491 860 543 901 ad
564 859 669 901 duas
688 859 778 900 illas
798 859 1027 916 praecipuas
1049 861 1209 909 Partes,
1232 857 1521 899 Obedientiam
1548 867 1590 898 et
1617 858 1653 898 F
1656 857 1688 897 i-

300 931 409 979 dem,
432 929 473 969 in
494 928 648 985 quibus
670 928 802 968 omnis
824 927 1053 983 Religionis
1074 928 1238 968 Nostrae
1258 926 1319 967 vis
1339 936 1380 967 et
1398 935 1547 966 natura
1562 925 1689 966 conti-

301 1009 436 1049 netur,
458 1008 607 1039 caetera
626 997 763 1039 omnia
783 997 1031 1037 referuntur.
1094 998 1235 1047 Quum
1257 995 1365 1036 enim
1390 994 1688 1036 invocationem

301 1078 341 1109 et
361 1066 589 1123 gratiarum
609 1065 825 1114 actionem,
847 1074 888 1105 et
914 1064 1001 1106 istis
1027 1063 1360 1120 conjunctissima
1389 1062 1584 1119 mysteria
1614 1060 1690 1102 Di-

300 1135 410 1185 vina,
432 1150 527 1190 quae
559 1135 821 1174 Sacramenta
850 1132 1061 1182 dicuntur,
1082 1131 1271 1188 plerique
1302 1140 1349 1172 ut
1378 1139 1515 1187 partes
1544 1129 1692 1185 adjun-

300 1213 416 1259 gant,
432 1203 521 1243 haec
540 1201 709 1258 quidem
729 1200 935 1257 prioribus
955 1200 1033 1241 illis
1053 1200 1217 1241 duabus
1232 1199 1506 1240 continentur.
1554 1199 1690 1238 Nemo

301 1273 410 1314 enim
430 1272 494 1313 vel
515 1271 678 1312 fiduciae
699 1270 763 1311 vel
785 1269 1030 1310 obedientiae
1058 1268 1191 1310 officio
1218 1284 1316 1324 erga
1346 1269 1486 1308 Deum
1518 1266 1691 1322 defungi

300 1350 410 1382 recte
438 1348 588 1396 potest,
612 1339 684 1394 qui
715 1353 798 1378 non
828 1346 1040 1394 premente
1070 1351 1165 1377 eum
1196 1336 1336 1392 aliqua
1364 1334 1615 1384 necessitate,
1637 1333 1689 1374 ad

301 1410 437 1466 ipsum
458 1407 695 1462 confugere,
716 1415 757 1446 et
776 1404 914 1446 omnia
933 1404 991 1445 illi
1011 1405 1120 1445 bona
1140 1413 1306 1460 accepta
1325 1403 1491 1453 referre,
1512 1417 1691 1457 cumque

302 1491 402 1517 usus
422 1484 463 1516 et
483 1483 647 1531 tempus
666 1473 865 1530 postulat,
886 1472 1091 1529 mysteriis
1111 1473 1201 1528 ejus
1222 1471 1343 1512 sacris
1362 1471 1439 1511 rite
1460 1470 1522 1511 uti
1541 1469 1650 1511 velit.

360 1546 423 1585 M.
457 1542 674 1584 Assentior
693 1541 862 1598 quidem
883 1541 972 1591 tibi,
995 1542 1108 1596 quod
1129 1540 1266 1581 omnia
1293 1539 1344 1579 ad
1371 1538 1446 1579 has
1472 1538 1576 1579 duas
1600 1553 1693 1593 par-

303 1622 363 1654 tes
383 1611 525 1653 referri
546 1610 717 1667 possint,
740 1609 772 1650 si
793 1609 887 1665 quis
907 1608 1138 1650 accuratius
1162 1608 1254 1658 ista,
1274 1616 1314 1648 et
1344 1600 1470 1663 paulo
1500 1605 1692 1647 subtilius

303 1688 554 1737 pertractare
589 1679 740 1734 cupiat.
803 1679 957 1718 Verum
998 1676 1193 1732 quoniam
1234 1674 1537 1716 accuratissima
1567 1673 1693 1730 parti-

304 1748 398 1790 endi
418 1747 523 1788 ratio
543 1763 566 1788 a
587 1746 725 1803 pueris
746 1760 828 1786 non
850 1754 911 1785 est
931 1745 1147 1800 exigenda,
1165 1744 1302 1785 malim
1325 1755 1372 1784 ut
1387 1743 1427 1783 in
1444 1743 1583 1799 plures
1598 1758 1691 1799 par-

303 1826 377 1865 tes,
408 1814 553 1870 pingui
590 1813 770 1870 quadam
808 1811 1016 1862 Minerva,
1051 1811 1307 1866 Religionem
1340 1810 1577 1861 distribuas,
1606 1825 1691 1865 quo

302 1883 521 1924 dilucidior
550 1898 614 1923 res
644 1890 730 1922 tota
765 1880 826 1921 sit.
889 1880 1077 1921 Crassius
1111 1895 1210 1935 ergo
1243 1878 1368 1918 modo
1402 1877 1583 1933 apertius
1612 1878 1690 1919 ista

303 1960 536 1993 tractemus.

361 2021 415 2060 A.
449 2017 627 2069 Quando
648 2017 706 2058 ita
727 2016 859 2057 visum
881 2026 955 2067 est,
973 2016 1119 2073 pingui
1143 2016 1210 2069 (ut
1240 2015 1359 2069 dicis)
1384 2014 1579 2055 Minerva
1608 2028 1692 2054 me-

302 2103 397 2129 cum
418 2102 553 2143 agere,
575 2101 735 2142 possem
756 2100 837 2126 non
859 2084 1129 2134 incommode,
1148 2099 1198 2124 ex
1220 2083 1384 2124 duabus
1403 2091 1583 2138 quatuor
1598 2097 1687 2138 par·

302 2166 363 2197 tes
392 2154 563 2205 efficere,
586 2153 931 2209 Religionemque
962 2161 1090 2194 totam
1120 2151 1162 2191 in
1192 2150 1495 2200 Obedientiam,
1525 2149 1689 2201 Fidem,

304 2222 628 2270 Invocationem,
650 2230 691 2262 et
714 2222 976 2262 Sacramenta
996 2219 1253 2260 distribuere.

362 2292 424 2332 M.
458 2292 548 2346 Age
578 2305 690 2345 ergo,
719 2304 850 2344 quum
882 2297 1062 2328 nostram
1093 2287 1198 2327 hanc
1230 2285 1458 2342 Religionis
1488 2284 1692 2326 tractatio-

304 2373 412 2408 nem,
435 2373 561 2414 quam
581 2356 938 2413 explicatissimam
959 2371 1044 2397 esse
1064 2355 1242 2411 cupiam,
1267 2354 1362 2394 huic
1381 2352 1515 2394 ordini
1534 2352 1692 2393 insista-

304 2442 421 2474 mus;
457 2435 503 2467 ut
524 2426 658 2482 primo
678 2425 768 2466 loco
787 2424 839 2464 de
862 2423 1120 2473 Obedientia,
1143 2438 1269 2478 quam
1290 2423 1377 2462 Lex
1398 2420 1571 2476 requirit
1588 2436 1599 2467 3
1633 2435 1692 2460 se-

304 2495 455 2544 cundo,
476 2494 528 2534 de
549 2493 668 2543 Fide,
690 2508 785 2548 quae
805 2491 1025 2547 Evangelii
1045 2490 1331 2547 promissiones
1350 2488 1514 2544 respicit
1541 2497 1581 2528 et
1607 2502 1690 2528 am-

304 2560 521 2617 plectitur3
556 2561 689 2611 tertio,
712 2561 764 2601 de
784 2559 1058 2609 Invocatione,
1081 2568 1120 2599 et
1147 2558 1373 2614 gratiarum
1401 2555 1572 2605 actione,
1594 2569 1689 2609 quae

350 2666 371 2679 ¹¹¹
389 2661 470 2690 Mat.
485 2661 527 2690 iv.
548 2668 595 2700 17.
622 2662 705 2691 Mar.
721 2661 742 2690 i.
764 2668 812 2700 15.
838 2660 908 2690 Act.
924 2660 957 2690 ii.
974 2660 1026 2698 38.
1087 2665 1102 2679 ¹¹
1116 2659 1209 2690 Rom.
1227 2659 1273 2688 iii.
1293 2667 1342 2689 20.
1360 2662 1392 2688 et
1406 2656 1459 2687 vii.
1476 2663 1504 2696 7.
1562 2661 1575 2674 ⁰
1592 2654 1687 2684 Rom.

306 2713 352 2744 iii.
371 2722 420 2743 21.
445 2713 550 2743 Galat.
568 2713 600 2742 ii.
622 2713 668 2744 16.
772 2719 787 2740 Ρ
806 2713 888 2743 Psal.
908 2713 1013 2744 xxxii.
1027 2721 1059 2752 5,
1073 2711 1103 2742 6.
1126 2713 1221 2742 Rom.
1238 2721 1269 2742 x.
1290 2720 1339 2742 12.
1435 2715 1450 2735 ‘1
1469 2718 1485 2739 2
1504 2709 1578 2739 Cor.
1595 2707 1616 2738 i.
1639 2716 1688 2739 ιι.

307 2772 339 2797 et
354 2767 388 2797 ii.
411 2776 456 2804 ¹4·
482 2766 595 2805 Ephes.
615 2775 692 2804 v..4‚
712 2775 762 2797 20.
786 2766 867 2797 Phil.
885 2766 926 2796 iv.
943 2765 974 2797 6.
998 2766 1105 2799 Colos.
1123 2765 1167 2795 iii.
1189 2772 1236 2804 17.
