1799 3077
297 179 380 219 5370
819 176 1157 215 PEARSONII

94 296 270 348 AErngvulg.
356 292 506 331 Coram
532 290 713 331 Drusilla
736 289 885 329 iterum
907 288 1089 329 auditur.

128 339 236 368 'Am'
358 359 475 415 Magi
508 359 677 414 quidam
705 367 743 398 et
773 358 950 397 latrones
975 356 1151 396 Judaeos
1181 355 1233 395 ad
1266 355 1497 396 libertatem
1529 355 1695 395 hortan-

117 424 250 453 Neronis
298 437 381 477 tur,
404 438 576 467 mortem
600 426 677 466 illis
699 425 947 473 minitantes,
969 424 1040 479 qui
1062 431 1253 480 parerent
1274 424 1467 464 Romano
1489 422 1690 479 Imperio:

167 476 198 504 ⁴*
298 506 339 535 et
370 495 446 536 hoc
476 494 631 536 bellum
663 493 792 534 indies
817 491 1138 548 ingravescebat.
1199 492 1287 532 Jos.
1311 491 1415 532 Bell.
1437 491 1539 532 Jud.
1561 490 1631 531 lib.
1654 490 1693 530 ii.

299 579 331 604 c.
356 565 421 603 12.

139 633 224 663 le.
358 630 515 672 Paulus
538 629 747 670 detinetur
769 630 970 669 Caesareae
997 628 1039 668 in
1068 628 1197 669 libera
1222 627 1423 678 custodia,
1448 628 1586 670 Felice
1607 642 1696 683 spe-

116 720 251 748 Neronis
299 708 429 748 rante,
451 697 565 753 quod
584 696 761 753 pecunia
781 696 951 737 daretur
972 712 996 737 a
1016 696 1173 737 Paulo:
1207 696 1389 752 Propter
1415 696 1525 752 quod
1549 702 1587 737 et
1594 697 1697 751 fre-

169 771 199 801 5-
299 773 469 822 quenter
489 779 700 806 accersens
722 779 813 805 eum
834 765 1078 820 loquebatur
1098 779 1191 805 cum
1212 779 1272 805 eo.

358 835 471 874 Dum
495 833 615 889 Magi
642 842 681 874 et
711 833 958 874 Seductores
978 832 1183 889 populum
1212 848 1288 889 per
1314 832 1522 889 regionem
1554 840 1697 872 contra

300 903 586 942 Romanorum
622 900 851 956 Imperium
887 900 1119 949 sollicitant,
1150 900 1257 941 inter
1290 902 1416 956 Syros
1451 909 1492 940 et
1522 899 1698 940 Judaeos

298 969 435 1025 gravis
456 978 546 1009 orta
566 977 626 1009 est
648 968 794 1009 seditio
817 970 1032 1018 Caesareae,
1047 983 1173 1024 quam
1195 968 1319 1008 armis
1339 967 1609 1024 comprimere
1629 983 1698 1008 co-

300 1048 422 1078 natus
449 1045 510 1078 est
538 1036 673 1086 Felix,
696 1036 902 1092 multique
932 1052 957 1077 a
986 1036 1188 1077 militibus
1217 1036 1309 1077 caesi
1342 1046 1453 1087 sunt,
1477 1038 1548 1077 sed
1574 1036 1698 1077 inter-

300 1117 428 1148 ventu
449 1105 696 1147 nobiliorum
720 1106 749 1145 J
755 1105 972 1146 udaeorum
993 1104 1143 1146 milites
1164 1104 1382 1146 continuit.
1433 1105 1651 1160 Josephus.

152 1182 218 1210 Lx.
359 1174 493 1225 Felix,
525 1182 715 1214 manente
744 1174 882 1214 adhuc
914 1173 1113 1214 seditione
1143 1173 1249 1214 inter
1282 1175 1408 1230 Syros
1438 1182 1478 1214 et
1506 1172 1695 1223 JudaeOS,

118 1268 252 1295 Neronis
301 1243 457 1284 nobiles
488 1242 705 1298 utriusque
735 1242 864 1299 partis
893 1242 1043 1283 electos
1070 1241 1180 1283 misit
1208 1242 1262 1283 ad
1290 1243 1498 1283 Neronem
1528 1242 1580 1283 de
1601 1242 1698 1298 jure

172 1309 202 1339 ⁶·
302 1312 612 1367 disceptaturos.
666 1310 872 1366 Joseplcus
893 1311 941 1351 de
963 1310 1066 1350 Bell.
1090 1310 1191 1351 Jud.
1213 1309 1285 1351 lib.
1305 1309 1344 1350 ii.
1367 1325 1400 1350 c.
1419 1311 1484 1349 12.

360 1379 595 1429 Quinetiam
626 1379 867 1420 Sacerdotes
897 1378 1099 1434 quosdam
1129 1378 1183 1419 ob
1214 1377 1346 1419 levem
1378 1377 1587 1434 quandam
1614 1378 1699 1418 cul-

301 1464 395 1504 pam
418 1448 575 1488 vinctos
597 1449 777 1488 Romam
800 1446 920 1487 misit.
956 1448 1047 1488 JOS.
1069 1448 1115 1487 in
1144 1448 1219 1487 Vit.

360 1518 475 1556 Tum
498 1531 594 1556 vero
616 1516 659 1555 F
657 1522 768 1556 estus
791 1530 996 1556 successor
1019 1516 1062 1555 F
1060 1515 1150 1555 elici
1172 1514 1296 1555 datus
1317 1523 1388 1555 est.
1430 1515 1518 1555 Jos.

362 1584 481 1626 Felix
512 1594 650 1625 autem
683 1585 848 1624 biennio
883 1584 1041 1639 ewpleto
1075 1585 1144 1636 (ex
1175 1599 1260 1639 quo
1292 1583 1450 1624 Paulus
1485 1592 1700 1624 accusatus

304 1656 383 1706 est.)
417 1654 571 1708 aceepit
607 1666 878 1693 successorem
912 1653 1109 1692 Porcium
1147 1653 1191 1692 F
1189 1659 1350 1698 estum;
1389 1652 1528 1692 volem·
1562 1658 1699 1692 autem

298 1721 493 1775 gratiam
515 1726 727 1775 proestare
754 1720 936 1767 Jmlaeis,
968 1720 1137 1775 reliquit
1159 1721 1344 1760 Paulum
1372 1720 1572 1768 vinctum,
1602 1719 1698 1759 Act.

305 1787 419 1830 xxiv.
442 1788 508 1830 27.

366 1855 572 1896 Primores
598 1857 627 1896 J
632 1856 847 1896 udaeornm
878 1866 970 1910 post
998 1856 1210 1896 decessum
1235 1856 1384 1897 Felicis
1406 1857 1583 1896 Romam
1608 1870 1702 1911 pro-

306 1923 401 1964 fecti
430 1933 525 1963 sunt
553 1938 647 1963 eum
675 1923 930 1969 accusaturi;
964 1922 1227 1978 dedissetque
1256 1924 1424 1964 omnino
1444 1938 1602 1979 poenas,
1624 1921 1701 1962 nisi

307 1992 420 2032 Nero
450 2006 545 2031 eum
577 1991 768 2032 donasset
799 1991 990 2047 precibus
1015 1991 1228 2041 Pallantis,
1252 2007 1376 2047 quem
1406 2001 1494 2032 tum
1524 1990 1702 2031 maxime

307 2060 347 2099 in
369 2059 502 2115 pretio
521 2059 679 2100 habuit.
722 2060 887 2115 Joseph.
911 2059 979 2100 lib.
1006 2074 1075 2099 xx.
1099 2075 1131 2099 c.
1156 2061 1192 2102 ’7.

367 2128 479 2168 Hinc
506 2127 706 2182 colligunt
728 2127 803 2167 viri
825 2127 933 2167 docti
957 2142 1038 2167 non
1066 2127 1137 2167 diu
1167 2127 1219 2167 ab
1240 2127 1357 2168 initio
1379 2127 1549 2183 Imperii
1574 2128 1703 2167 Nero-

310 2197 370 2237 nis
393 2196 572 2237 Felicem
595 2197 743 2236 Romae
769 2204 1022 2243 accusatum,
1045 2195 1236 2250 precibus
1258 2194 1458 2236 Pallantis
1487 2195 1702 2242 donatum,

309 2265 407 2320 quia
435 2263 570 2305 Pallas
598 2263 755 2304 Neroni
786 2263 827 2303 in
859 2263 992 2319 pretio
1023 2278 1103 2303 non
1136 2272 1223 2304 erat
1250 2263 1323 2304 diu
1351 2273 1444 2320 post
1474 2263 1702 2318 Imperium

309 2334 423 2388 ejus3
458 2331 521 2372 vel
551 2331 731 2372 secundo
758 2330 900 2386 igitur,
926 2331 988 2372 vel
1010 2331 1144 2381 tertio,
1168 2331 1232 2372 vel
1253 2341 1404 2387 quarto
1426 2331 1595 2387 Imperii
1616 2332 1706 2387 ejus

310 2416 418 2441 anno
440 2401 609 2440 Festum
635 2398 762 2440 Felici
785 2399 1022 2440 successisse
1042 2399 1200 2441 volunt.
1263 2399 1374 2440 Mihi
1395 2415 1492 2440 vero
1511 2399 1569 2449 id,
1592 2399 1706 2454 quod

310 2468 406 2509 huic
428 2467 640 2508 sententiae
661 2467 912 2508 contrarium
935 2476 1010 2517 est,
1025 2467 1089 2508 vel
1111 2467 1207 2508 inde
1222 2467 1502 2523 colligendum
1518 2467 1703 2514 videtur:¹

312 2551 458 2591 nempe
480 2536 687 2575 Neronem
710 2549 791 2575 non
821 2534 897 2575 nisi
926 2534 999 2575 diu
1029 2544 1122 2591 post
1146 2534 1310 2575 initium
1334 2534 1504 2590 Imperii
1526 2534 1588 2575 sui
1612 2534 1707 2575 Pal-

312 2602 463 2643 lantem
492 2602 532 2642 in
561 2602 694 2657 pretio
722 2601 925 2642 habuisse.
988 2603 1097 2642 Nam
1119 2601 1208 2657 ipso
1230 2602 1368 2643 statim
1395 2602 1513 2642 initio
1536 2600 1707 2656 Imperii

314 2669 504 2718 Neronis,
526 2669 696 2710 taedium
720 2669 782 2709 sui
807 2679 989 2710 moverat
1012 2669 1159 2710 Pallas.
1199 2671 1334 2711 Tacit.
1356 2670 1439 2710 xiii.
1463 2672 1500 2710 2.
1555 2670 1707 2710 Secun-

315 2736 369 2776 do
393 2737 560 2791 Imperii
582 2752 689 2777 anno
710 2738 892 2787 ineunte,
910 2753 934 2778 a
950 2753 1049 2778 cura
1070 2753 1207 2778 rerum
1231 2738 1422 2778 demotus
1443 2746 1516 2786 est,
1538 2751 1625 2792 cap.
1638 2737 1704 2776 14.

317 2805 463 2845 Tertio
493 2804 675 2853 incunte,
704 2805 810 2846 laesae
838 2806 1061 2860 majestatis
1094 2822 1188 2847 reus
1221 2808 1282 2855 fit,
1305 2816 1343 2847 ct
1372 2821 1467 2846 cum
1494 2805 1709 2845 absolutus
