1799 3077
61 2039 94 2063 2.
104 2034 175 2062 Cor.
191 2033 250 2061 xiv.

291 139 374 181 172
682 137 912 179 JUELLI
945 138 1284 180 APOLOGIA.

285 251 391 303 fuit3
425 260 551 307 atque
580 251 639 292 ita
667 250 939 302 discessimus,
962 260 1010 292 ut
1041 250 1191 292 Daniel
1221 266 1243 292 e
1272 266 1396 293 cavea
1424 239 1606 304 leonum,
1628 263 1677 296 ut

285 328 368 360 tres
388 318 446 359 illi
472 318 591 374 pueri
622 334 673 359 ex
703 317 917 365 incendio;
950 333 1024 358 nec
1055 328 1139 359 tam
1170 318 1443 370 discessimus,
1467 336 1593 376 quam
1624 322 1677 363 ab

284 387 385 438 istis,
408 386 508 428 diris
528 395 569 427 et
589 385 891 436 devotionibus,
914 386 1032 441 ejecti
1054 402 1208 427 sumus.

341 454 605 496 Accessimus
625 469 723 494 vero
743 453 797 494 ad
817 453 928 494 illam
951 454 1192 504 Ecclesiam,
1214 454 1256 495 in
1285 470 1369 510 qua
1396 471 1447 497 ne
1477 456 1554 512 ipsi
1585 457 1678 513 qui-

282 523 392 574 dem,
415 523 447 564 si
468 537 562 563 vere
589 531 714 577 atque
741 537 792 563 ex
819 521 956 562 animo
986 521 1100 577 loqui
1120 522 1280 574 volunt,
1309 538 1459 579 negare
1489 535 1676 580 possunt,

282 591 420 632 omnia
440 599 548 647 caste
569 606 615 631 ac
634 598 881 639 reverenter,
904 598 944 630 et
970 599 1176 645 quantum
1203 605 1277 630 nos
1303 591 1481 632 maxime
1511 593 1675 648 assequi

281 659 509 716 potuimus,
531 657 718 714 proxime
738 657 790 698 ad
810 657 1037 713 priscorum
1061 665 1295 713 temporum
1316 657 1516 699 rationem
1545 659 1674 700 admi-

281 726 459 768 nistrari.
506 726 733 767 Conferant
753 724 862 765 enim
883 724 1086 765 Ecclesias
1106 734 1265 766 nostras
1288 741 1464 782 suasque
1485 726 1591 767 inter
1608 743 1671 776 se3

280 795 484 835 videbunt
503 801 544 834 et
565 808 606 833 se
628 792 861 849 turpissime
881 793 934 833 ab
954 792 1183 848 Apostolis,
1201 801 1242 833 et
1262 808 1336 834 nos
1352 794 1404 834 ab
1421 794 1518 850 ipsis
1531 794 1676 850 justis-

282 862 382 903 sime
421 861 659 903 discessisse.
721 862 810 901 Nos
848 860 956 901 enim
1000 876 1095 901 cum
1138 860 1319 911 Christo,
1360 862 1590 917 Apostolis,
1632 872 1674 904 et

284 930 443 971 Sanctis
464 929 661 970 Patribus
677 927 977 969 Eucharistiam
995 928 1152 984 populo
1168 928 1315 969 damus
1330 928 1530 985 integram
1548 947 1558 978 ;
1590 931 1672 982 isti,

280 1007 424 1039 contra
451 1012 592 1038 omnes
623 998 781 1046 Patres,
804 1005 946 1037 contra
965 1011 1106 1037 omnes
1130 996 1367 1052 Apostolos,
1389 1007 1532 1038 contra
1553 999 1675 1040 Chri-

281 1075 391 1107 stum
418 1065 555 1122 ipsum
585 1079 680 1105 cum
712 1080 887 1115 summo,
909 1072 958 1104 ut
979 1064 1171 1105 Gelasius
1201 1064 1272 1114 ait,
1295 1065 1520 1121 sacrilegio,
1544 1081 1674 1107 sacrae-

280 1143 420 1175 menta
441 1133 647 1183 dividunt,
669 1141 710 1173 et
730 1132 899 1173 alteram
920 1141 1080 1188 partem
1101 1132 1258 1188 populo
1278 1133 1471 1189 eripiunt.

337 1204 427 1244 Nos
449 1204 622 1243 Coenam
643 1200 889 1241 dominicam
917 1200 971 1241 ad
994 1200 1147 1242 Christi
1177 1200 1478 1242 institutionem
1508 1217 1674 1244 revoca-

278 1271 428 1321 vimus,
452 1285 626 1325 eamque
655 1284 781 1324 quam
811 1268 1003 1318 maxime,
1029 1284 1239 1324 quamque
1269 1268 1458 1324 plurimis
1487 1285 1672 1310 commu-

277 1354 387 1390 nem,
410 1348 541 1393 utque
560 1337 808 1393 appellatur,
830 1336 888 1377 ita
907 1351 951 1377 re
975 1336 1064 1392 ipsa
1089 1336 1419 1377 communionem
1447 1353 1533 1378 esse
1553 1338 1671 1379 volu-

278 1423 396 1454 mus3
434 1406 502 1447 isti
532 1414 675 1446 contra
704 1405 941 1445 institutum
964 1403 1119 1445 Christi
1150 1404 1287 1445 omnia
1316 1404 1604 1455 immutarunt,
1627 1415 1669 1447 et

278 1491 329 1516 ex
351 1489 465 1515 sacra
483 1473 770 1515 communione
789 1472 994 1529 privatam
1015 1473 1201 1513 fecerunt
1223 1472 1422 1521 Missam3
1456 1480 1582 1528 atque
1611 1474 1671 1515 ita

277 1559 352 1585 nos
373 1545 546 1584 Coenam
567 1543 801 1598 praebemus
821 1541 992 1597 populo,
1014 1540 1079 1581 isti
1099 1540 1220 1581 inane
1241 1541 1537 1596 spectaculum.

336 1613 425 1652 Nos
474 1626 568 1651 cum
619 1609 914 1666 antiquissimis
960 1608 1156 1649 Patribus
1195 1608 1460 1659 affirmamus,
1504 1611 1669 1666 Corpus

279 1679 436 1720 Christi
455 1694 537 1719 non
559 1678 717 1719 comedi
739 1678 815 1718 nisi
836 1678 889 1718 ab
909 1677 1146 1717 hominibus
1165 1676 1243 1732 piis
1264 1686 1304 1717 et
1326 1676 1517 1718 fidelibus
1538 1686 1579 1718 et
1594 1677 1669 1718 im-

277 1747 390 1788 butis
412 1747 570 1803 Spiritu
593 1746 774 1793 Christi3
807 1745 874 1786 isti
893 1745 1042 1786 docent
1063 1744 1311 1800 ipsissimum
1331 1747 1496 1801 Corpus
1513 1746 1668 1787 Christi

276 1832 320 1857 re
339 1816 441 1872 ipsa,
463 1824 595 1870 utque
614 1814 691 1870 ipsi
711 1814 941 1869 loquuntur
960 1813 1137 1862 realiter,
1159 1822 1200 1853 et
1221 1813 1558 1864 substantialiter,
1583 1829 1666 1855 non

276 1893 438 1925 tantum
459 1883 512 1924 ab
531 1882 668 1938 impiis
688 1891 728 1922 et
748 1880 996 1931 infidelibus,
1019 1880 1090 1921 sed
1111 1881 1232 1921 etiam
1258 1881 1391 1936 (quod
1410 1881 1666 1921 horrendum

276 1953 391 1994 dictu
412 1954 491 2006 est)
514 1966 539 1992 a
559 1950 749 1991 muribus
772 1958 812 1990 et
833 1949 1004 1990 canibus
1023 1964 1142 2005 posse
1163 1948 1335 1989 comedi.

335 2021 423 2061 Nos
443 2020 500 2061 ita
526 2033 744 2076 precamur
769 2017 813 2058 in
843 2016 1019 2073 templis,
1044 2027 1103 2066 ut,
1125 2016 1475 2072 quemadmodum
1508 2016 1666 2057 Paulus

276 2097 430 2138 monet,
451 2087 634 2144 populus
655 2086 755 2126 scire
775 2085 902 2141 possit
926 2084 1028 2140 quid
1056 2099 1285 2140 precemur,
1307 2094 1348 2125 et
1377 2084 1666 2125 communibus

274 2156 381 2197 votis
400 2155 661 2212 respondere,
683 2155 837 2194 Amen.
900 2152 976 2193 Isti
999 2160 1044 2192 ut
1064 2168 1119 2192 aes
1140 2151 1329 2200 tinniens,
1351 2167 1470 2192 voces
1494 2151 1535 2191 in
1565 2161 1665 2192 tem-

274 2225 353 2281 plis
372 2225 547 2280 ignotas,
570 2232 611 2264 et
630 2221 880 2278 peregrinas,
904 2220 989 2261 sine
1009 2219 1290 2275 intelligentia,
1314 2219 1398 2260 sine
1420 2234 1555 2269 sensu,
1579 2219 1664 2260 sine

274 2301 411 2334 mente
431 2291 639 2337 fundunt3
674 2298 714 2330 et
733 2289 900 2330 omnino
920 2287 963 2328 id
983 2295 1129 2343 agunt,
1151 2303 1202 2327 ne
1222 2287 1404 2344 populus
1433 2287 1664 2343 quidquam

273 2360 402 2417 possit
421 2359 660 2415 intelligere.

331 2429 388 2469 Et
433 2443 484 2468 ne
524 2426 662 2468 omnia
702 2424 935 2467 discrimina
974 2437 1353 2472 commemoremUS‚
1398 2423 1514 2475 (sunt
1555 2422 1661 2463 enim

272 2513 402 2553 prope
422 2496 601 2551 infinita)
623 2511 697 2536 nos
724 2494 957 2549 Scripturas
985 2507 1116 2533 sacras
1143 2491 1420 2532 convertimus
1449 2490 1491 2530 in
1522 2505 1663 2531 omnes

273 2565 460 2620 lingua53
492 2564 558 2605 isti
580 2579 646 2604 eas
667 2563 736 2603 vix
765 2571 905 2603 extare
931 2561 1150 2618 patiuntur
1175 2559 1217 2599 in
1248 2558 1333 2599 ulla
1358 2558 1511 2614 lingua.
1572 2558 1661 2598 Nos

272 2632 494 2672 invitamus
528 2630 731 2687 populum
768 2629 820 2670 ad
856 2628 1092 2685 legendum,
1126 2636 1166 2668 et
1200 2625 1455 2667 audiendum
1484 2624 1659 2664 verbum

271 2699 378 2746 Dei3
410 2698 476 2739 isti
497 2698 683 2753 abigunt.
745 2699 834 2737 Nos
854 2711 1017 2737 causam
1040 2696 1092 2735 ab
1113 2694 1304 2735 omnibus
1333 2691 1521 2748 cognosci
1542 2691 1659 2732 volu-

271 2782 386 2813 mus3
420 2766 483 2807 isti
506 2766 674 2821 fugiunt
690 2764 906 2819 judicium.
971 2765 1059 2804 Nos
1080 2761 1246 2803 scientia
1274 2760 1466 2807 nitimur3
1501 2759 1566 2800 isti
1597 2759 1658 2800 in-
