1799 3077
509 107 741 148 JUELLI
773 107 1112 148 APOLOGIA.
1422 112 1503 158 169

116 220 279 262 dicendi
297 235 446 277 genere
468 220 636 261 turbare
650 220 792 262 orbem
809 230 1027 270 terrarum,
1045 228 1086 262 et
1102 220 1311 262 Ciceronis
1326 232 1398 264 aut
1414 226 1505 266 Cae.

117 288 215 329 saris
235 297 413 329 veterem
443 288 487 329 in
516 288 691 329 dicendo
720 288 944 345 puritatem
975 298 1101 345 atque
1131 288 1422 345 eloquentiam,
1445 307 1506 332 re-

117 371 276 397 vocare.

166 426 369 474 Tantum,
395 422 559 473 scilicet,
587 423 652 464 isti
675 423 827 465 debent
854 424 1026 466 inscitiae
1052 440 1098 465 ac
1123 424 1302 465 tenebris
1327 426 1507 481 superio-

117 506 210 532 rum
242 501 489 547 temporum.
542 491 768 542 Multa,-ut
795 492 851 533 ait
882 492 1067 548 quidam,
1089 491 1297 533 habentur
1327 508 1435 549 saepe
1465 494 1505 534 in
1520 502 1649 531 Plinius.

116 559 263 617 pretio,
286 569 449 600 tantum
470 560 584 615 quod
605 560 740 601 dicata
760 560 984 616 aliquando
1007 560 1161 601 fuerint
1190 561 1377 601 Deorum
1409 570 1510 601 tem-

117 627 207 684 plis.
251 628 320 668 Ita
338 643 412 668 nos
432 627 620 668 videmus
640 628 772 669 multa
790 628 913 669 hodie
928 624 1094 685 probari
1110 628 1163 669 ab
1179 628 1278 678 istis,
1294 638 1334 669 et
1354 629 1509 685 magni-

118 695 220 745 fieri,
234 710 317 735 non
331 694 443 750 quod
458 710 505 735 ea
522 694 626 736 tanti
641 710 726 736 esse
736 696 939 752 judicent,
956 696 1026 736 sed
1044 704 1204 737 tantum
1220 696 1334 752 quod
1348 707 1512 753 recepta

118 763 272 804 fuerint
293 763 604 813 consuetudine,
627 772 667 803 et
688 764 997 819 quodammodo
1018 764 1153 805 dicata
1173 764 1327 820 templo
1352 765 1445 805 Dei.

176 832 239 871 At
262 830 459 880 Ecclesia,
482 830 695 886 inquiunt,
719 840 860 872 nostra
880 847 1014 872 errare
1035 847 1118 872 non
1139 841 1286 888 potest.
1351 832 1404 873 Id
1425 833 1512 889 opi-

119 914 208 949 nor,
240 898 297 939 ita
333 898 491 948 dicunt,
524 910 572 940 ut
606 898 703 939 olim
742 899 1043 941 Lacedaemonii
1074 900 1259 941 solebant
1289 900 1437 952 dicere,
1469 901 1510 942 in

120 975 207 1008 tota
227 982 301 1007 sua
321 967 487 1023 Repub.
511 967 671 1007 nullum
693 982 811 1023 posse
832 967 1005 1008 inveniri
1025 967 1287 1015 adulterum3
1325 984 1420 1009 cum
1451 984 1513 1010 re-

120 1050 218 1075 vera
250 1050 391 1075 omnes
426 1035 565 1091 potius
600 1044 733 1076 essent
767 1035 960 1086 adulteri,
992 1044 1032 1076 et
1067 1035 1231 1077 incertis
1269 1036 1439 1092 nuptiiS,
1471 1045 1511 1077 et
1524 1049 1649 1078 Summa

122 1103 322 1145 uxoribus
342 1103 448 1144 inter
469 1119 510 1144 se
530 1103 820 1145 communibus
842 1113 1080 1151 uterentur;
1114 1113 1187 1145 aut
1214 1113 1262 1145 ut
1288 1104 1411 1145 hodie
1434 1106 1512 1146 Ca-
1525 1092 1716 1174 ῧζζῖριίῗζᾶ

122 1172 294 1214 nonistae
324 1171 478 1213 ventris
507 1188 630 1213 causa
661 1172 792 1213 solent
821 1172 874 1213 de
905 1174 1022 1228 Papa
1052 1172 1209 1213 dicere:
1252 1172 1394 1224 Illum,
1417 1189 1509 1214 cum

123 1240 175 1281 sit
194 1240 400 1282 Dominus
427 1241 613 1282 omnium
640 1241 949 1292 beneficiorum,
970 1240 1045 1282 etsi
1075 1240 1209 1297 pretio
1229 1242 1382 1282 vendat
1412 1242 1514 1298 Epi-

123 1318 328 1365 scopatus,
354 1309 615 1360 monasteria,
646 1309 887 1359 sacerdotia,
917 1319 957 1350 et
988 1309 1089 1350 nihil
1119 1324 1144 1349 a
1173 1325 1215 1350 se
1244 1309 1372 1365 gratis
1402 1310 1514 1351 abire

124 1377 228 1418 sinat
247 1394 257 1425 ;
292 1386 443 1428 tamen,
465 1393 560 1419 cum
581 1393 629 1418 ea
655 1377 793 1418 omnia
813 1378 922 1418 dicat
943 1393 1028 1418 esse
1050 1393 1138 1429 sua,
1159 1377 1316 1418 etiamsi
1336 1378 1514 1419 maxime

123 1445 235 1497 velit,
257 1461 340 1486 non
360 1461 478 1501 posse
499 1445 753 1486 committere
777 1444 1015 1486 Simoniam.
1066 1446 1202 1494 Quam
1223 1454 1361 1486 autem
1380 1445 1422 1485 id
1447 1446 1695 1501 fir-Theodori7

123 1528 238 1554 mum
271 1513 335 1564 sit,
358 1529 569 1569 quamque
599 1521 868 1554 consentanee
898 1513 1045 1553 rationi
1076 1512 1251 1562 dicatur,
1274 1527 1348 1553 nos
1378 1513 1514 1555 adhuc
1526 1497 1730 1568 &stiffens-

124 1581 265 1622 videre
295 1597 377 1622 non
408 1596 652 1637 possumus3
695 1580 771 1621 nisi
802 1580 922 1630 forte,
952 1590 1000 1621 ut
1030 1580 1127 1621 olim
1156 1589 1314 1621 veteres
1336 1581 1515 1622 Romani

124 1649 321 1700 victoriae,
340 1649 398 1690 ita
417 1649 483 1690 isti
505 1649 681 1700 veritati,
703 1657 924 1705 postquam
946 1658 994 1689 ea
1021 1648 1144 1689 semel
1172 1649 1226 1690 ad
1254 1648 1344 1690 illos
1374 1664 1516 1704 perve-

125 1717 264 1767 nisset,
295 1717 392 1766 alas,
423 1717 577 1773 quibus
615 1716 893 1767 advolaverat,
926 1717 1194 1767 detraxerint,
1226 1732 1277 1757 ne
1306 1725 1443 1772 posset
1473 1716 1515 1756 in

125 1796 336 1841 posterum
357 1785 530 1826 avolare.
594 1785 675 1826 Sed
696 1784 799 1840 quid
820 1784 852 1825 si
873 1784 952 1825 illis
974 1784 1206 1825 Hieremias
1227 1784 1350 1832 dicat,
1373 1793 1419 1824 ut
1450 1799 1517 1824 su-

125 1869 202 1909 pra
220 1853 652 1901 commemoravimus;
690 1854 797 1894 Haec
818 1868 903 1894 esse
925 1853 1050 1893 verba
1076 1852 1307 1893 mendacii?
1340 1852 1452 1902 Quid
1483 1852 1515 1892 si

126 1920 236 1962 idem
266 1936 409 1962 rursus
439 1921 562 1970 dicat,
584 1920 674 1961 illos
704 1920 828 1976 ipsos,
850 1936 955 1976 quos
976 1920 1171 1961 vinitores
1201 1936 1286 1961 esse
1315 1919 1513 1975 oportuit,

127 1989 342 2046 dissipasse
362 2006 409 2031 ac
434 1989 661 2046 perdidisse
681 1989 842 2030 vineam
874 1989 1073 2030 Domini?
1117 1988 1228 2038 Quid
1261 1988 1291 2028 si
1324 1988 1515 2029 Christus

127 2056 260 2105 dicat;
299 2058 388 2099 illos
409 2058 561 2114 quibus
583 2057 760 2098 maxime
782 2057 982 2113 templum
1004 2057 1190 2113 oportuit
1210 2072 1296 2097 esse
1315 2071 1439 2106 curae,
1462 2071 1513 2096 ex

129 2126 283 2181 templo
303 2126 473 2166 Domini
493 2125 635 2167 fecisse
656 2125 891 2182 speluncam
912 2125 1150 2165 latronum?
1183 2124 1306 2174 Quod
1328 2123 1359 2163 si
1380 2138 1515 2164 errare

128 2193 312 2234 Ecclesia
332 2195 521 2234 Romana
543 2209 625 2234 non
646 2202 795 2249 potest,
817 2192 1052 2233 felicitatem
1078 2192 1167 2248 ejus
1196 2200 1358 2248 oportet
1387 2191 1514 2246 majo-

129 2277 215 2302 rem
236 2277 335 2312 esse,
356 2277 480 2318 quam
501 2262 673 2303 istorum
694 2261 969 2318 prudentiam.
1030 2261 1097 2301 Ea
1123 2260 1230 2300 enim
1259 2268 1319 2300 est
1348 2259 1512 2300 illorum

129 2329 226 2379 vita,
249 2330 449 2381 doctrina,
471 2329 697 2386 diligentia,
720 2339 768 2370 ut
787 2345 861 2385 per
881 2345 949 2370 eos
969 2328 1137 2384 quidem
1159 2343 1242 2368 non
1264 2337 1425 2369 tantum
1453 2343 1514 2368 er-

130 2412 220 2437 rare
241 2397 437 2447 Ecclesia,
460 2398 529 2439 sed
552 2399 673 2439 etiam
695 2397 886 2438 funditus
906 2396 1085 2445 interire,
1108 2405 1148 2436 et
1169 2395 1355 2451 extingui
1371 2396 1514 2452 possit.

131 2464 325 2504 Profecto
346 2465 378 2504 si
399 2480 532 2506 errare
553 2465 738 2506 Ecclesia
758 2481 805 2506 ea
825 2473 975 2520 potest,
997 2479 1092 2519 quae
1112 2479 1137 2503 a
1157 2463 1282 2504 verbo
1303 2463 1398 2515 Dei,
1419 2479 1514 2519 quae

131 2547 155 2572 a
168 2532 294 2587 jussis
316 2532 485 2583 Christi,
507 2548 602 2588 quae
622 2533 674 2573 ab
696 2531 995 2588 Apostolorum
1022 2530 1232 2580 institutis,
1254 2546 1349 2586 quae
1378 2547 1403 2572 a
1431 2531 1514 2587 pri-

131 2599 285 2641 mitivae
306 2600 502 2641 Ecclesiae
521 2600 732 2655 exemplis,
754 2615 848 2655 quae
869 2615 893 2639 a
913 2607 1099 2639 veterum
1122 2600 1295 2639 Patrum
1311 2608 1352 2640 et
1369 2599 1514 2640 Conci-

130 2666 280 2708 liorum
307 2667 599 2717 sanctionibus,
621 2682 716 2723 quae
746 2681 770 2707 a
800 2666 883 2707 suis
912 2665 1040 2722 ipsius
1070 2665 1243 2706 decretis
1273 2665 1512 2714 discesserit,

133 2749 226 2788 quae
256 2734 393 2785 nullis,
416 2750 489 2775 nec
508 2734 730 2785 veteribus,
759 2749 832 2775 nec
863 2733 993 2783 novis,
1024 2748 1096 2774 nec
1128 2733 1224 2784 suis,
1256 2749 1328 2774 nec
1359 2732 1512 2781 alicnis,
