1799 3077
533 121 830 162 ANNALES
864 123 1151 163 PAULINI.
1457 127 1542 169 377

207 235 362 276 Helias
389 233 554 275 festinat
581 234 624 275 in
646 234 866 285 Graeciam,
890 244 937 276 ut
963 236 1173 276 Neronem
1201 236 1373 278 reducat
1392 236 1435 278 in
1457 239 1544 279 Ita-
1567 247 1652 278 AErae
1665 246 1750 284 vulg.

150 303 259 350 liam,
283 318 368 358 quo
388 317 466 343 vn.
495 302 562 343 die
588 302 830 358 perveniens
853 304 1154 360 Imperatorem
1176 305 1336 355 terruit,
1358 306 1545 361 exposita
1585 289 1739 319 LXVIII.

151 371 267 426 gravi
287 370 586 426 conspiratione
606 370 648 411 in
668 370 772 411 urbe
792 371 915 412 facta.
1589 376 1725 407 Neronis

209 439 336 479 Unde
357 440 470 479 Nero
497 438 538 478 in
565 438 654 495 ipsa
674 438 823 495 hyeme
845 438 1009 480 Graecia
1029 449 1249 495 provectus
1268 439 1381 480 venit
1400 439 1443 480 in
1464 440 1546 482 Ita-
1638 427 1687 457 ¹4⁶

153 506 263 557 liam,
285 522 424 547 mense
444 508 474 547 J
477 506 662 557 anuario,
685 517 732 548 ut
753 507 933 548 videtur.

211 576 326 616 Nero
345 584 483 616 manet
504 574 545 615 in
566 574 697 625 Italia,
720 575 898 616 necdum
921 576 1099 616 Romam
1121 574 1244 615 venit.

211 644 391 699 Neapoli
412 644 458 683 in
482 643 732 699 Campania,
755 650 909 684 motum
929 644 1179 692 Galliarum,
1196 643 1269 699 qui
1281 643 1437 698 paucis
1451 649 1548 698 post

158 711 368 752 Kalendas
389 710 566 752 Martias
593 710 740 752 diebus
766 720 961 767 coeperat,
982 711 1149 751 audivit
1168 711 1234 751 die
1253 711 1344 766 ‘ipso
1363 725 1442 766 quo
1463 725 1550 750 ma-

156 786 260 821 trem
284 780 488 820 occiderat
507 778 666 820 circiter
687 779 833 820 Martii
855 780 921 819 21.
944 779 1123 834 adeoque
1143 779 1248 819 lente
1268 784 1306 818 et
1325 792 1466 818 secure
1486 784 1550 819 tu-

156 847 219 897 Zz't,
248 853 294 887 ut
315 862 398 903 per
424 849 462 888 8.
494 848 710 888 continuos
740 848 827 888 dies
857 862 940 888 non
971 847 1213 887 rescriberet
1236 848 1444 902 cuiquam,
1466 861 1550 888 non

158 915 377 955 mandaret
397 915 499 970 quid
516 920 592 955 aut
604 916 887 971 praeciperet:
918 915 1169 972 mgentibas
1188 914 1285 954 dein
1305 914 1405 954 aliis
1424 928 1551 970 super

158 983 261 1023 alios
288 984 456 1023 nunciis
477 984 655 1024 Romam
677 983 967 1039 praetrepidus
988 983 1115 1024 rediit
1139 982 1216 1023 sub
1238 981 1354 1023 initio
1375 981 1549 1038 Aprilis,

159 1051 405 1107 credensque
443 1052 743 1108 expeditionem
784 1052 1061 1092 necessariam
1100 1052 1213 1092 Coss.
1254 1056 1351 1091 ante
1391 1057 1551 1107 tempus

155 1121 350 1176 privavit
375 1121 542 1171 honore,
571 1127 693 1176 atque
723 1121 769 1160 ἐπ
800 1122 1019 1177 utriusque
1050 1121 1181 1161 locum
1208 1120 1320 1161 solas
1340 1120 1440 1161 iniit
1460 1135 1553 1162 con-

162 1188 359 1228 sulatum.
403 1189 572 1229 Sueton.
594 1203 682 1244 cap.
707 1189 772 1229 43.

222 1257 262 1297 S.
287 1256 440 1298 Paulus
468 1258 582 1311 (cum
611 1258 757 1311 Petro)
788 1256 936 1297 ultimo
964 1255 1142 1297 Neronis
1172 1271 1280 1296 anno
1308 1255 1551 1313 martyrium

162 1324 273 1365 facit.
325 1326 502 1366 Factum
524 1333 661 1365 autem
682 1323 726 1364 id
748 1332 809 1365 est
829 1324 906 1365 sub
929 1323 1142 1365 Praefectis
1162 1323 1203 1364 in
1225 1323 1344 1374 urbe,
1367 1332 1414 1364 ut
1435 1331 1556 1364 testa-

164 1403 233 1434 tur
265 1386 455 1434 Clemens
485 1394 716 1442 Romanus,
744 1392 912 1433 absente
943 1392 1093 1434 scilicet
1123 1392 1304 1442 Nerone,
1338 1390 1556 1432 Februarii

166 1460 232 1501 die
254 1463 321 1501 22.

224 1530 292 1570 De
321 1544 459 1570 mense
489 1541 530 1571 et
559 1528 626 1570 die
656 1528 770 1570 testis
802 1538 863 1570 est
887 1529 1066 1585 Sylvius
1094 1529 1137 1569 in
1168 1527 1428 1579 Calendario‚
1457 1541 1555 1567 vul.

169 1597 217 1637 K
214 1598 266 1637 al.
290 1597 487 1639 Martias.
551 1598 768 1653 Depositio
789 1598 836 1639 S.
860 1597 981 1638 Petra·
1002 1602 1040 1638 et
1061 1597 1201 1638 Pauli.

227 1666 268 1707 N
272 1681 341 1707 ero
363 1665 542 1722 seipsum
562 1664 711 1706 occidit
731 1666 760 1706 J
765 1665 850 1706 unii
873 1679 934 1706 lx.
