1799 3077
57 2499 122 2527 Cic.
139 2498 175 2527 de

56 2542 142 2570 Offic.
157 2541 249 2569 Tusc.

55 2585 174 2616 Quaests.
191 2583 246 2610 lib.

57 2637 86 2655 v.
102 2630 132 2654 et
149 2627 185 2654 de.

57 2671 196 2698 Orator-².

252 141 338 183 292
581 139 816 180 NOELLI
853 138 1312 180 CATECHISMUS.

253 263 341 294 tum
382 252 551 302 habent,
583 252 697 308 quod
734 252 870 293 animo
903 261 943 293 et
978 252 1224 307 cogitatione
1258 266 1341 292 non
1375 252 1641 307 comprehen-

251 320 372 371 dunt,
394 335 467 361 nec
497 327 822 375 consequuntur,
845 329 885 359 et
915 334 1010 359 cum
1037 318 1257 359 immortali
1278 318 1371 359 Deo
1398 317 1641 374 knegligen-

253 388 348 439 tius,
371 403 497 444 quam
518 403 613 429 cum
635 386 796 428 mortali
817 386 982 427 homine
1003 386 1146 437 solent,
1164 395 1310 443 agunt,
1332 386 1479 427 horum
1503 401 1641 442 preces

255 457 371 497 Deus
392 456 538 497 merito
558 463 784 504 aversatur,
807 463 933 509 atque
953 454 1192 495 detestatur.
1255 455 1402 495 Mente
1422 469 1521 509 ergo
1541 468 1643 494 sem-

255 539 327 579 per
348 539 453 580 opus
469 533 544 573 est,
561 531 603 564 at
624 522 767 578 lingua
787 522 827 562 in
849 521 1082 577 precatione
1102 531 1303 577 perpetuo
1326 537 1407 562 non
1428 531 1488 562 est
1509 535 1643 562 neces-

257 592 373 633 saria.

275 673 287 704 ,ὲ
315 661 378 700 Μ.
411 660 489 700 Est
510 668 645 700 tamen
667 658 814 714 aliquis
834 658 877 698 in
898 657 1089 714 precibus
1108 657 1262 713 linguae
1283 673 1393 698 usus.

314 730 369 768 A.
403 726 601 767 Maxime.
646 727 838 782 AEquum
859 726 966 767 enim
988 735 1062 775 est,
1084 735 1131 766 ut
1151 724 1317 782 llingua
1338 726 1460 767 etiam
1480 738 1643 765 omnem

259 795 338 835 vim
360 804 486 849 atque
504 794 881 837 facultatemlsuam
902 794 955 834 ad
982 794 1317 850 amplificandum
1345 793 1426 834 Dei
1456 793 1643 848 gloriam,

259 861 401 902 sedulo
422 861 686 916 studioseque
707 861 913 909 conferat3
947 876 1077 916 quum
1106 876 1193 916 prae
1213 860 1301 901 aliis
1320 859 1501 916 corporis
1520 858 1646 915 parti-

259 929 337 969 bus
357 929 398 969 in
418 929 529 970 hunc
553 944 673 970 usum
698 928 864 985 proprie
884 944 908 969 a
929 930 1022 969 Deo
1041 929 1206 970 condita
1235 928 1297 969 sit.
1334 955 1342 961 ,
1360 929 1568 969 Praeterea
1597 934 1645 967 ut

259 996 395 1037 animo
415 996 661 1052 cogitatione
691 1011 874 1052 curaque
900 996 1163 1036 vehementer
1189 996 1361 1045 intento,
1385 1011 1465 1036 vox
1491 995 1645 1051 impru-

260 1063 453 1104 dentibus
487 1063 696 1104 interdum
736 1063 854 1104 nobis
889 1063 1092 1119 erumpit3
1139 1063 1197 1104 ita
1227 1077 1527 1117 nonnunquam
1560 1062 1648 1118 ipse

262 1130 559 1186 pronunciandi
590 1146 727 1182 sonus,
751 1130 992 1186 auditioque
1022 1139 1256 1171 nostrorum
1284 1131 1505 1170 verborum
1535 1144 1649 1170 men-

262 1209 342 1244 tem
374 1198 539 1248 excitat,
561 1209 686 1255 atque
715 1200 840 1249 acuit,
863 1199 1034 1254 ejusque
1066 1198 1333 1239 intentionem
1359 1199 1495 1254 juvat,
1518 1207 1559 1238 et
1588 1212 1649 1238 re-

261 1266 509 1316 missionem,
526 1282 610 1322 qua
624 1266 787 1307 assidue
802 1266 963 1306 animus
980 1275 1166 1322 urgetur,
1188 1276 1297 1307 arcet
1317 1275 1443 1321 atque
1463 1264 1645 1321 depellit.

319 1334 385 1375 M.
417 1335 558 1383 Quum
579 1333 667 1374 haec
688 1333 745 1374 ita
767 1349 808 1374 se
828 1334 1020 1384 habeant,
1043 1333 1144 1389 quid
1166 1334 1218 1374 de
1239 1333 1317 1374 illis
1339 1348 1489 1383 censes,
1513 1333 1585 1388 qui
1605 1333 1647 1373 in

261 1402 468 1457 precando
488 1401 705 1457 peregrina
725 1410 849 1457 atque
869 1401 967 1457 ipsis
987 1401 1195 1457 incognita
1214 1401 1357 1457 lingua
1378 1404 1585 1442 utuntur?

320 1471 377 1509 A.
408 1470 496 1510 Eos
524 1484 604 1509 non
626 1484 792 1524 operam
813 1469 938 1509 modo
961 1469 1094 1524 (quod
1114 1469 1250 1524 aiunt)
1274 1470 1345 1510 sed
1366 1470 1506 1510 Deum
1527 1469 1650 1510 etiam

264 1537 398 1592 ipsum
427 1536 581 1593 pariter
600 1536 754 1577 ludere.
819 1536 860 1576 Si
882 1537 989 1577 enim
1012 1551 1143 1580 LOQUI
1172 1546 1233 1578 est
1263 1552 1337 1578 suo
1368 1537 1457 1578 loco
1477 1537 1650 1578 verbum

264 1606 461 1660 quodque
483 1605 655 1645 scienter
675 1620 841 1660 ponere,
859 1604 931 1660 qui
952 1613 985 1633 m
1000 1620 1080 1645 non
1097 1604 1305 1646 intellecta
1326 1605 1451 1646 verba
1470 1619 1651 1661 pronun-

265 1672 382 1722 tiant,
414 1681 679 1728 perstrepunt
710 1672 845 1713 verius
877 1688 1002 1728 quam
1038 1673 1292 1728 loquuntur;
1327 1682 1489 1714 tantum
1521 1673 1650 1722 abest,

265 1750 312 1781 ut
332 1749 562 1795 precentur.
620 1740 821 1781 Psittacos
842 1741 949 1781 enim
972 1741 1109 1796 potius
1129 1756 1254 1797 quam
1276 1741 1474 1791 homines,
1496 1741 1651 1782 nedum

266 1808 521 1848 Christianos
553 1817 696 1863 agunt.
760 1809 910 1863 Itaque
939 1808 1110 1849 facessat
1143 1809 1287 1865 procul
1318 1825 1343 1850 a
1372 1810 1450 1866 piis
1479 1809 1653 1850 homini-

265 1876 343 1916 bus
377 1875 467 1916 talis
497 1875 738 1932 hypocrisiS,
770 1885 896 1930 atque
929 1876 1093 1932 ineptia.
1168 1878 1275 1917 Nam
1308 1877 1337 1917 si
1370 1886 1390 1905 Π
1409 1879 1461 1917 D.
1493 1877 1652 1918 Paulus

264 1942 492 1982 absurdum
532 1951 666 1998 putet,
704 1952 751 1983 ut
791 1942 883 1997 quis
924 1943 1037 1998 apud
1078 1943 1179 1984 alios
1220 1958 1447 1984 sermonem
1486 1943 1651 1993 habeat,

265 2024 389 2063 quem
425 2024 506 2050 non
539 2009 791 2065 intelligunt,
820 2009 933 2065 quod
964 2010 1089 2051 verba
1118 2010 1321 2051 neminem
1352 2020 1543 2051 moveant
1574 2011 1650 2051 nisi

265 2092 375 2127 eum,
397 2077 470 2133 qui
502 2077 685 2133 ejusdem
717 2076 872 2133 linguae
903 2078 1092 2119 societate
1123 2078 1173 2118 sit
1203 2079 1461 2134 conjunctus,
1483 2078 1654 2135 loquen-

268 2158 433 2204 temque
454 2157 580 2203 atque
609 2147 823 2188 audientes
849 2157 997 2188 mutuo
1025 2148 1100 2188 sibi
1127 2148 1323 2189 barbaros
1343 2149 1431 2189 fore
1451 2148 1650 2196 affirmet;

267 2224 423 2270 quanto
444 2225 505 2256 est
525 2214 758 2264 absurdius,
781 2224 939 2256 nosmet
959 2215 1077 2255 nobis
1099 2215 1197 2271 ipsis
1215 2231 1300 2256 esse
1322 2216 1529 2266 barbaros,
1551 2216 1652 2257 dum

268 2299 315 2323 eo
336 2298 534 2332 sermone,
556 2283 627 2338 qui
651 2282 769 2323 nobis
789 2298 871 2323 non
892 2292 952 2323 est
972 2292 1108 2333 notus,
1130 2283 1301 2333 utimur,
1324 2282 1475 2338 illaque
1496 2283 1652 2339 lingua,

270 2352 309 2391 in
341 2367 425 2406 qua
455 2351 530 2407 ipsi
565 2350 680 2391 surdi
712 2365 868 2400 sumus,
897 2365 1038 2391 sensus
1068 2359 1226 2391 nostros
1255 2360 1381 2407 atque
1402 2360 1498 2392 vota
1526 2351 1654 2407 expli-

271 2434 361 2459 care
391 2421 618 2460 conamur?
664 2417 921 2473 Hujusmodi
952 2427 1060 2458 certe
1090 2418 1274 2459 homines
1309 2427 1356 2459 ut
1387 2419 1563 2460 maxime
1595 2419 1654 2459 in-

271 2495 387 2541 eptos
407 2486 564 2542 optimo
588 2486 683 2541 jure
705 2484 841 2535 rideri,
865 2485 1049 2526 homines
1079 2485 1174 2526 olim
1207 2486 1489 2542 sapientissimi
1519 2486 1656 2527 existi-

271 2563 499 2594 maverunt.

331 2622 393 2661 M.
427 2621 558 2661 Video
578 2637 701 2676 quam
731 2630 913 2663 attentus
942 2621 1116 2672 animus,
1139 2622 1407 2678 studiumque
1435 2621 1582 2662 ardens
1611 2621 1652 2661 in

317 2722 329 2742 ’⁴
345 2724 411 2753 Jer.
429 2723 531 2752 xlviii.
554 2733 600 2753 10.
733 2724 739 2744 ¹
756 2725 839 2755 Psal.
856 2735 953 2755 xxxv.
973 2725 1023 2755 28.
1049 2725 1084 2755 li,
1103 2734 1152 2763 14,
1171 2734 1219 2765 ¹5·
1244 2726 1325 2756 lxxi.
1344 2735 1397 2760 21,
1411 2734 1463 2762 22,
1484 2734 1533 2764 23.
1558 2725 1653 2756 Rom.

274 2777 338 2806 xiv.
359 2785 405 2807 11.
429 2776 508 2806 Phil.
524 2776 557 2806 ii.
576 2786 623 2806 11.
767 2786 777 2806 l
799 2779 871 2808 Cor.
886 2779 950 2809 xiv.
969 2786 998 2818 7,
1016 2788 1049 2818 9,
1066 2788 1077 2808 1
1090 2788 1115 2808 1.
1212 2786 1226 2798 “
1248 2789 1258 2809 1
1280 2780 1354 2809 Cor.
1372 2779 1434 2809 xiv.
1454 2788 1465 2809 1
1478 2788 1502 2809 ι.
