1799 3077
307 132 389 174 186
696 132 925 173 JUELLI
959 133 1294 174 APOLOGIA.

300 245 553 302 plicationes,
576 253 616 286 et
636 244 761 285 libros
784 246 935 285 Numae
957 244 1151 301 Pompilii
1171 244 1349 286 rituales.
1398 246 1503 287 Satis
1522 246 1588 288 ille
1609 247 1684 289 sibi

299 313 463 370 putavit
482 313 570 353 fore
591 311 622 352 si
643 312 853 367 exemplar
873 312 1020 352 veteris
1048 312 1204 368 templi,
1226 312 1339 368 quod
1363 313 1416 354 ab
1435 313 1551 354 initio
1572 314 1684 354 Solo-

300 396 395 422 mon
416 381 469 421 ad
491 380 571 421 Dei
601 378 888 435 praescriptum
919 380 1180 431 excitaverat,
1202 390 1243 421 et
1274 389 1430 421 veteres
1460 381 1550 422 illos
1581 381 1684 422 ritus

299 465 346 490 ac
367 447 643 497 caeremonias,
665 462 768 502 quas
789 448 907 487 Deus
934 447 1021 502 ipse
1043 447 1155 488 Mosi
1185 448 1424 489 nominatim
1455 449 1683 505 scripserat,

299 517 470 558 haberet
490 524 584 557 ante
604 514 757 564 oculos,
780 523 820 555 et
842 523 1091 570 sequeretur.

355 586 545 640 Aggaeus
576 581 799 637 Propheta,
832 597 927 622 cnm
951 582 1038 638 jam
1070 582 1270 638 templum
1303 583 1355 624 ab
1390 583 1528 624 Esdra
1557 584 1683 625 refec-

299 662 388 694 tum
419 659 536 699 esset,
559 659 599 690 et
628 648 785 705 populo
812 664 934 690 causa
953 649 1089 690 oblata
1118 649 1213 690 satis
1236 650 1352 705 justa
1369 650 1498 691 videri
1527 651 1683 706 potuis-

299 728 372 770 set,
395 719 470 759 sibi
491 718 542 758 de
573 725 688 757 tanto
717 716 798 757 Dei
829 716 974 772 optimi
1004 716 1172 758 maximi
1202 717 1399 758 beneficio
1429 718 1679 774 gratulandi,

298 796 434 827 tamen
465 783 643 825 excussit
669 782 862 824 omnibus
891 783 1134 840 lachrymas,
1156 784 1270 840 quod
1298 785 1370 840 qui
1397 794 1512 826 erant
1544 786 1681 827 adhuc

299 852 550 910 superstiteS,
572 861 613 892 et
642 850 780 907 priora
811 851 953 908 templi
982 851 1166 902 aedificia,
1195 860 1416 908 antequam
1448 869 1472 894 a
1502 853 1682 910 Babylo-

298 921 375 962 niis
405 919 667 976 diriperetur,
699 919 901 970 viderant,
934 919 1225 969 meminissent,
1253 920 1431 960 multum
1462 921 1598 962 adhuc
1627 921 1680 962 ab

299 1003 346 1029 ea
375 987 685 1044 pulchritudine
714 987 868 1038 abesse,
891 1003 986 1042 quae
1014 986 1111 1028 olim
1131 987 1277 1027 fuerat.
1341 988 1455 1027 Tum
1483 988 1590 1028 enim
1611 988 1681 1029 de-

298 1071 412 1096 mum
434 1063 660 1111 putassent,
683 1055 885 1111 templum
906 1054 1069 1110 egregie
1095 1054 1382 1105 instauratum,
1405 1055 1437 1095 si
1463 1055 1518 1096 ad
1547 1056 1682 1111 pristi-

298 1138 399 1164 num
435 1123 657 1179 exemplar,
690 1132 732 1165 et
768 1133 944 1165 veterem
984 1122 1126 1179 templi
1165 1123 1417 1179 majestatem
1451 1124 1678 1180 respondis-

298 1200 370 1231 set.

356 1259 492 1300 Divus
524 1258 696 1309 Paulus,
718 1267 767 1301 ut
795 1260 968 1300 Coenam
1000 1257 1184 1308 Domini,
1207 1272 1331 1313 quam
1365 1257 1568 1298 Corinthii
1591 1259 1681 1314 jam

298 1335 389 1368 tum
410 1335 618 1382 coeperant
644 1341 920 1382 corrumpere,
942 1334 1197 1382 repurgaret,
1219 1324 1434 1381 proposuit
1461 1325 1540 1366 illis
1568 1325 1682 1367 insti-

299 1394 500 1436 tutionem
529 1393 697 1444 Christi,
729 1409 855 1449 quam
888 1403 1169 1449 sequerentur,
1197 1393 1259 1443 Id,
1286 1392 1434 1448 inquit,
1457 1408 1534 1449 ego
1565 1393 1681 1434 vobis

299 1462 464 1512 tradidi,
486 1461 599 1518 quod
629 1476 864 1517 acceperam
889 1477 914 1502 a
934 1461 1127 1502 Domino.
1187 1462 1246 1501 Et
1267 1460 1472 1511 Christus,
1494 1470 1541 1501 ut
1572 1460 1681 1501 Phae

298 1530 511 1571 risaeorum
541 1544 719 1569 errorem
749 1528 966 1579 refelleret,
991 1528 1061 1569 Ad
1091 1527 1219 1578 initia,
1244 1526 1393 1582 inquit,
1421 1526 1680 1568 redeundum

299 1606 383 1645 est3
416 1597 468 1638 ab
488 1596 605 1637 initio
624 1611 707 1637 non
727 1596 808 1636 fuit
828 1596 894 1637 sic.

356 1667 502 1720 thue
540 1664 808 1705 Sacerdotum
844 1663 995 1714 sordes,
1030 1672 1070 1704 et
1104 1662 1314 1704 avaritiam
1351 1672 1605 1718 coargueret,
1639 1671 1680 1703 et

299 1733 500 1789 templum
527 1741 739 1787 purgaret,
763 1733 884 1782 Haec,
905 1730 1054 1786 inquit,
1084 1730 1136 1771 ab
1165 1730 1281 1771 initio
1311 1730 1459 1771 domus
1488 1729 1681 1771 orationis

299 1800 394 1850 fuit,
423 1808 469 1840 ut
499 1797 680 1854 populus
710 1798 840 1839 omnis
869 1798 936 1854 pie
968 1808 1008 1839 et
1040 1808 1147 1838 caste
1176 1806 1436 1854 precaretur;
1470 1808 1594 1853 atque
1623 1797 1681 1838 ita

299 1882 372 1907 vos
401 1866 616 1922 oportebat
646 1881 757 1906 nunc
783 1881 950 1921 quoque
982 1880 1072 1906 eam
1103 1864 1326 1905 instituere.
1387 1865 1484 1905 Non
1504 1863 1611 1904 enim
1633 1879 1681 1905 ea

299 1949 422 1974 causa
441 1942 630 1974 extructa
649 1933 744 1983 fuit,
761 1943 809 1973 ut
830 1942 933 1974 esset
955 1932 1148 1988 spelunca
1167 1931 1385 1972 latronum.

360 2001 425 2042 Sic
444 2016 584 2041 omnes
603 2001 644 2041 in
667 2000 787 2041 sacris
814 2000 1034 2056 Scripturis
1054 1999 1125 2055 pii,
1147 2009 1187 2040 et
1207 1999 1364 2040 laudati
1384 1998 1609 2054 Principes,
1632 2013 1681 2038 eo

300 2068 477 2109 maxime
496 2068 659 2109 nomine
679 2068 836 2109 laudati
864 2077 973 2117 sunt,
996 2067 1108 2123 quod
1136 2066 1412 2107 ambulassent
1438 2066 1480 2106 in
1500 2065 1575 2106 viis
1595 2067 1682 2106 Da-

300 2136 368 2176 vid
397 2135 524 2191 patris
550 2136 626 2186 sui,
647 2135 848 2185 videlicet,
871 2135 983 2190 quod
1011 2134 1064 2174 ad
1090 2134 1315 2190 primordia
1335 2143 1375 2175 et
1394 2134 1447 2175 ad
1466 2134 1600 2175 fontes
1619 2149 1680 2174 re-

299 2204 481 2254 diissent,
504 2213 545 2244 et
565 2204 824 2259 Religionem
845 2203 886 2243 in
908 2204 1116 2258 integrum
1136 2202 1416 2243 restituissent.

359 2273 508 2327 Itaque
528 2287 602 2312 nos
620 2287 713 2312 cum
730 2271 962 2311 videremus
982 2270 1117 2311 omnia
1132 2271 1183 2310 ab
1200 2270 1285 2310 istis
1304 2285 1471 2326 prorsus
1486 2285 1570 2310 esse
1590 2284 1679 2325 pes-

301 2341 490 2392 sundata,
512 2350 551 2381 et
581 2341 624 2381 in
654 2340 807 2396 templo
829 2340 908 2380 Dei
938 2349 1088 2395 praeter
1114 2339 1280 2380 miseras
1309 2340 1448 2380 ruinas
1472 2339 1572 2379 nihil
1594 2355 1679 2380 esse

300 2409 461 2464 reliqui,
483 2407 828 2458 consultissimum
858 2423 943 2448 esse
973 2407 1182 2456 duximus,
1205 2417 1252 2447 ut
1284 2407 1372 2447 illas
1401 2407 1518 2448 nobis
1539 2406 1682 2447 Eccle-

300 2477 377 2516 sias
407 2473 741 2532 proponeremus,
763 2490 865 2530 quas
892 2484 1002 2515 certo
1032 2474 1239 2523 sciremus,
1272 2484 1312 2515 et
1340 2489 1422 2515 non
1452 2489 1618 2524 errasse,
1640 2482 1681 2514 et

303 2543 453 2583 Missas
481 2542 675 2597 privatas,
697 2552 737 2583 et
767 2557 905 2597 preces
928 2541 1103 2597 ignotaS,
1126 2557 1172 2582 ac
1191 2542 1401 2591 barbaras,
1421 2550 1462 2582 et
1481 2542 1599 2582 istam
1621 2556 1681 2581 sa-

302 2624 463 2650 crorum
486 2610 803 2665 corruptionem,
822 2619 946 2664 atque
966 2609 1064 2649 alias
1084 2609 1256 2665 ineptias
1276 2624 1357 2649 non
1377 2609 1577 2649 habuisse.

361 2677 419 2716 Et
440 2691 534 2716 cum
555 2677 755 2733 templum
777 2676 946 2717 Domini
966 2691 1209 2732 cuperemus
1229 2676 1272 2717 in
1292 2676 1495 2732 integrum
1518 2674 1681 2716 restitu-

305 2753 409 2793 tum,
425 2758 505 2784 non
527 2744 638 2785 aliud
654 2744 969 2785 fundamentum
986 2759 1170 2798 quaerere
1189 2743 1407 2793 voluimus,
1425 2757 1549 2798 quam
1566 2742 1679 2798 quod
