1799 3077
462 137 699 179 NOELLI
734 137 1199 179 CATECHISMUS.
1443 144 1526 184 243

135 258 282 292 testate
311 251 434 293 etiam
464 250 628 302 habeat,
651 250 913 307 providentia
941 251 1160 307 gubernet,
1182 251 1353 293 arbitrio
1382 255 1528 296 consti-

132 328 237 369 tuat,
259 319 533 375 omnibusque
554 328 680 376 prout
700 319 759 360 illi
780 319 915 361 visum
936 319 1076 371 fuerit,
1099 319 1298 376 imperet3
1333 321 1387 362 sic
1405 331 1450 362 ut
1467 323 1527 363 ni-

132 386 187 428 hil
212 387 287 428 nisi
308 388 398 444 ejus
419 387 584 429 decreto
604 387 858 444 permissuve
878 388 964 438 fiat,
987 387 1089 428 nihil
1120 387 1172 429 sit
1202 388 1317 444 quod
1346 389 1413 430 ille
1443 390 1526 430 effi-

133 471 224 496 cere
244 471 326 496 non
346 455 499 512 possit3
532 471 668 511 neque
695 456 803 496 enim
831 456 1000 497 otiosam
1032 457 1242 512 quandam
1273 456 1354 498 Dei
1384 467 1527 514 poten-

133 523 245 573 tiam,
268 539 392 579 quam
416 539 499 564 non
520 533 721 574 exerceat,
744 523 960 580 imaginor.

192 592 256 632 M.
289 593 361 632 An
382 591 530 648 impios
557 592 681 633 etiam
711 591 910 642 homines,
935 591 1186 648 spiritusque
1216 593 1417 650 malignos
1446 594 1527 635 Dei

132 658 305 715 imperio
326 658 494 700 subdis?

190 728 245 767 A.
270 726 382 777 Quid
402 726 470 767 ni?
493 726 758 767 bMiserrime
781 727 888 766 enim
910 726 1063 783 alioqui
1086 726 1301 768 nobiscum
1318 736 1525 783 ageretur,

132 804 181 836 ut
201 795 354 851 quibus
374 810 589 850 nunquam
611 794 762 835 securis
783 810 868 835 esse
888 793 1040 845 liceret,
1064 795 1096 835 si
1124 795 1227 851 quid
1257 795 1336 837 illis
1365 795 1405 836 in
1437 811 1525 847 nos,

130 872 282 920 praeter
316 862 398 903 Dei
431 862 698 912 voluntatem,
729 861 1049 918 permitteretur.
1111 864 1267 904 Verum
1301 879 1369 905 eos
1409 865 1528 906 Deus

132 932 250 988 quasi
270 932 400 972 fraeno
423 946 508 972 suae
529 930 725 987 potentiae
746 930 804 971 ita
823 939 995 981 coercet,
1017 940 1065 972 ut
1086 947 1137 972 ne
1164 947 1330 973 movere
1357 932 1525 988 quidem

133 1016 188 1051 se,
211 1000 287 1041 nisi
309 1000 398 1057 ejus
420 1008 526 1040 nutu
546 1008 619 1040 aut
639 998 856 1055 permissu,
878 999 1036 1055 possint
1060 1015 1258 1055 unquam.
1320 1001 1408 1041 Nos
1428 1016 1527 1043 vero

134 1084 218 1110 una
240 1069 330 1110 haec
359 1067 583 1109 consolatio
615 1076 831 1118 sustentat,
854 1068 912 1108 ita
941 1083 1016 1108 nos
1046 1067 1088 1108 in
1118 1068 1411 1124 omnipotentis
1442 1085 1527 1111 esse

135 1137 271 1179 Patris
291 1147 507 1194 potestate,
530 1145 577 1178 ut
598 1152 648 1177 ne
670 1152 779 1178 unus
798 1145 816 1166 e
829 1137 1000 1193 quidem
1020 1137 1194 1194 capillus
1215 1146 1366 1188 noster,
1383 1138 1459 1179 nisi
1476 1154 1526 1180 ex

133 1206 223 1263 ejus
244 1205 470 1257 voluntate,
493 1205 566 1262 qui
586 1205 705 1247 nobis
725 1215 810 1247 tam
830 1205 934 1247 bene
955 1205 1060 1257 vult,
1083 1205 1216 1262 perire
1236 1205 1376 1262 possit.

193 1274 256 1313 M.
277 1274 424 1329 Perge.

191 1342 250 1382 A.
280 1340 455 1391 dQuum
488 1340 569 1381 Dei
599 1341 699 1397 Opt.
723 1342 846 1382 Max.
867 1340 1092 1382 bonitatem
1124 1350 1251 1396 atque
1281 1341 1529 1383 immensita-

134 1418 217 1451 tem
254 1424 368 1451 mens
402 1403 687 1465 humana‘per
718 1425 759 1450 se
789 1424 935 1465 capere
966 1408 1080 1450 nullo
1110 1409 1234 1450 modo
1264 1409 1405 1465 possit,
1437 1409 1528 1450 coeli

133 1494 229 1520 eum
251 1487 292 1519 et
313 1486 447 1528 terrae,
469 1486 511 1519 et
537 1492 692 1527 rerum,
714 1493 810 1533 quae
840 1477 883 1518 in
913 1478 1003 1533 ejus
1033 1477 1310 1527 continentur,
1332 1478 1530 1519 universi-

135 1545 230 1587 tatis
269 1554 494 1587 creatorem
534 1560 620 1586 esse
661 1544 879 1592 addimus3
927 1545 1081 1601 quibus
1116 1544 1267 1595 verbis,
1305 1545 1446 1585 Deum
1486 1545 1529 1586 in

135 1612 329 1669 operibus
351 1612 434 1653 suis
453 1621 524 1653 eet
552 1612 699 1653 mundi
730 1612 906 1669 opificio,
929 1623 1126 1669 tanquam
1157 1612 1199 1653 in
1230 1612 1397 1668 speculo
1427 1628 1530 1668 quo-

134 1681 231 1722 dam
273 1680 655 1736 contemplandum,
689 1689 729 1721 et
771 1681 910 1737 quoad
945 1690 1086 1722 nostra
1124 1680 1167 1721 id
1201 1681 1341 1728 refert,
1379 1696 1529 1737 cogno-

135 1749 332 1790 scendum
353 1764 438 1789 esse
459 1747 750 1804 significamus.
812 1750 953 1799 Quum
984 1749 1090 1790 enim
1122 1749 1452 1805 magnitudinem
1482 1748 1529 1789 il-

134 1815 216 1856 lam
246 1816 487 1857 immensam
518 1816 663 1857 mundi
691 1816 892 1868 videmus,
921 1817 1094 1873 ejusque
1125 1819 1271 1859 Partes
1301 1832 1442 1858 omnes
1471 1816 1528 1858 ita

134 1901 219 1927 esse
239 1886 495 1936 constitutas,
519 1895 566 1927 ut
587 1901 722 1942 neque
743 1885 795 1927 ad
818 1886 993 1942 speciem
1017 1886 1287 1943 pulchriores,
1310 1902 1444 1942 neque
1474 1886 1528 1927 ad

134 1970 256 1996 usum
278 1953 463 1996 meliores
483 1970 568 1996 esse
589 1954 825 2010 potuerint;
865 1954 1000 1995 statim
1032 1954 1300 2010 intelligimus
1331 1953 1412 1995 Dei
1442 1954 1529 2010 opi-

134 2023 220 2064 ficis
243 2032 369 2080 atque
398 2023 657 2064 aedificatoris
683 2023 886 2064 infinitam
914 2023 1155 2079 potentiam,
1178 2022 1434 2079 sapientiam,
1456 2022 1528 2063 bo-

134 2091 318 2132 nitatem.
379 2091 483 2141 Quis
513 2091 621 2132 enim
652 2100 713 2132 est
744 2100 827 2132 tam
855 2106 1010 2141 vecors,
1041 2090 1114 2146 qui
1144 2105 1238 2130 cum
1270 2090 1455 2145 suspexit
1484 2089 1527 2130 in

134 2158 299 2209 coelum,
322 2160 461 2200 Deum
482 2175 567 2200 esse
588 2174 671 2199 non
692 2158 869 2199 sentiat?
913 2159 1006 2198 Imo
1028 2158 1081 2198 ob
1101 2158 1208 2198 hanc
1229 2156 1407 2197 maxime
1433 2171 1528 2197 cau-

134 2241 220 2267 sam
242 2227 359 2267 Deus
379 2226 564 2268 homines
583 2226 763 2283 primum
787 2226 916 2266 humo
937 2225 1147 2275 excitatos,
1171 2224 1297 2265 celsos
1317 2234 1358 2265 et
1373 2232 1528 2264 erectos

135 2295 392 2336 constituisse
413 2295 593 2346 videtur,
622 2304 670 2336 ut
701 2309 944 2351 superarum
975 2302 1101 2349 atque
1130 2292 1357 2334 coelestium
1387 2307 1527 2333 rerum

135 2372 267 2403 essent
297 2372 557 2419 spectatores,
584 2371 625 2404 et
655 2362 783 2419 ipsius
813 2361 1103 2418 cognitionem,
1125 2360 1275 2401 coelum
1306 2360 1526 2410 intuentes,

136 2446 281 2486 capere
302 2442 479 2486 possent.

195 2499 258 2538 M.
283 2499 503 2547 Quomodo
524 2500 664 2540 Deum
685 2498 822 2539 omnia
842 2513 998 2539 creasse
1019 2496 1150 2537 dicis?

193 2567 251 2608 A.
274 2565 441 2607 fDeum
472 2568 640 2607 Patrem
672 2567 773 2622 Opt.
806 2567 927 2606 Max.
958 2564 1088 2614 initio,
1121 2571 1162 2604 et
1191 2578 1243 2604 ex
1274 2562 1415 2614 nihilo,
1445 2578 1527 2604 non

175 2687 190 2710 b
205 2689 281 2719 Job.
298 2689 321 2719 ἰ.
339 2699 388 2719 10.
414 2689 491 2719 Luc.
507 2688 587 2719 xxii.
602 2697 657 2728 31,
675 2697 728 2727 32·
750 2689 846 2718 Joan.
863 2697 895 2718 x.
912 2687 961 2717 28.
984 2686 1056 2717 Act.
1073 2687 1107 2716 ii.
1127 2695 1177 2726 23.
1200 2686 1243 2716 iv.
1260 2693 1312 2725 27,
1328 2686 1379 2716 28.
1404 2686 1458 2716 xii.
1479 2694 1528 2716 11.

139 2750 152 2764 ⁰
172 2745 251 2775 Luc.
269 2743 324 2774 xii.
343 2751 370 2784 7.
389 2743 454 2774 xxi.
475 2743 523 2773 18.
664 2742 823 2772 ‘¹J0a11.i.
846 2741 892 2771 18.
922 2751 932 2771 1
953 2741 1041 2772 Tim.
1056 2741 1076 2772 i.
1096 2749 1144 2781 17.
1287 2746 1299 2760 Β
1314 2741 1397 2771 Psal.
1414 2741 1480 2771 xix.
1502 2750 1528 2770 1.

140 2798 160 2828 l.
179 2796 208 2828 6.
234 2798 327 2828 Rom.
346 2797 366 2827 i.
387 2807 436 2838 19,
457 2806 504 2828 20.
640 2796 743 2826 sGcn.
759 2795 779 2826 i.
802 2805 827 2825 1.
854 2796 937 2825 Psal.
954 2794 1110 2826 xxxiii.6.
1135 2796 1207 2825 Art.
1225 2795 1288 2825 xiv.
1309 2803 1356 2833 ¹5·

828 2851 902 2888 112
