1799 3077
95 1944 272 1975 Theodore-

96 1991 160 2023 tus,
178 1986 232 2016 lib.
247 1995 274 2015 1.

96 2040 163 2069 cap.
179 2028 229 2060 28.

98 2325 218 2383 Tripar.
236 2344 289 2372 lib.

102 2397 152 2418 10.
165 2397 231 2425 cap.
246 2394 293 2423 13.

100 2482 212 2510 Euseb.
231 2481 284 2510 lib.

105 2534 132 2554 1.
149 2534 214 2563 cap.
228 2530 276 2563 17.

303 131 385 173 178
671 131 896 172 JUELLI
929 131 1265 172 APOLOGIA.

302 242 547 293 Cardinalis,
580 243 769 298 Pighius,
796 243 947 298 aliique
978 244 1038 284 uti
1061 244 1149 299 jam
1179 242 1370 284 diximus.
1433 243 1686 286 Habuerunt

300 319 443 366 postea
474 310 703 351 Concilium
737 310 945 360 Tridenti,
977 311 1118 351 eodem
1156 311 1258 361 loco,
1291 326 1376 366 quo
1403 325 1514 352 nunc
1546 311 1687 353 indici-

302 387 381 419 tur.
443 379 731 419 Convenerant
764 377 961 433 Episcopi
993 378 1238 434 complures,
1261 387 1301 419 et
1327 378 1530 429 Abbates,
1552 388 1593 420 et
1619 379 1686 420 alii

301 461 405 501 quos
435 446 632 502 oportuit.
693 447 829 497 Erant
859 445 958 492 soli3
991 445 1197 501 quidquid
1225 454 1430 501 ageretur,
1452 461 1572 487 nemo
1602 456 1689 488 erat

301 514 373 569 qui
397 514 675 569 obstreperet:
710 513 883 553 Nostros
914 512 1021 553 enim
1049 512 1234 553 homines
1261 513 1313 553 ab
1343 514 1454 554 omni
1483 528 1684 556 conventu

301 597 470 638 prorsus
500 581 775 622 excluserunt.
839 580 1044 621 Sederunt
1068 580 1125 621 ibi
1145 595 1296 636 magna
1316 582 1597 636 expectatione
1618 599 1687 624 sex

301 665 440 690 annos.
504 648 653 689 Primis
681 663 751 688 sex
779 647 1000 697 mensibus,
1022 647 1138 703 quasi
1159 647 1203 688 id
1223 663 1472 704 magnopere
1498 665 1603 705 opus
1630 667 1689 692 es-

303 725 377 765 set,
410 716 542 756 multa
571 716 623 756 de
654 724 907 756 sacrosancta
936 715 1105 765 Triade,
1138 715 1190 756 de
1223 717 1362 766 Patre,
1396 716 1448 756 de
1483 716 1604 768 Filio,
1637 718 1689 759 de

306 784 463 840 Spiritu
495 791 648 832 sancto,
669 783 739 838 pia
759 782 941 839 quidem,
964 783 1035 823 sed
1059 798 1141 823 non
1168 783 1225 823 ita
1251 783 1321 824 illo
1348 793 1531 839 tempore
1555 800 1690 826 neces-

304 851 422 901 saria,
456 851 738 891 decreverunt.
800 850 973 892 Interim
1010 858 1147 891 tamen
1181 866 1234 891 ex
1270 859 1331 892 tot
1365 852 1571 893 erroribus
1605 861 1689 893 tam

304 919 543 975 perspicuis,
567 927 650 959 tam
671 918 878 968 confessis,
901 928 984 959 tam
1015 918 1252 967 manifestis,
1275 934 1399 974 quem
1425 935 1556 960 unum
1583 936 1691 962 erro-

304 1002 389 1027 rem
410 989 706 1027 correxerunt?
740 987 782 1026 A
804 1001 888 1041 quo
909 1001 1058 1041 genere
1085 985 1327 1026 idololatriae
1353 987 1555 1042 populum
1576 1003 1691 1028 revo-

303 1057 479 1096 carunt?
520 1056 654 1104 Quam
686 1053 1016 1109 superstitionem
1047 1053 1331 1094 sustulerunt?
1371 1055 1505 1104 Quam
1532 1065 1691 1111 partem

305 1122 535 1179 tyrannidis
555 1130 595 1162 et
616 1137 779 1177 pompae
802 1137 886 1162 suae
908 1121 1176 1162 minuerunt?
1210 1121 1338 1171 Quasi
1361 1137 1455 1162 vero
1473 1122 1561 1178 jam
1582 1124 1693 1165 orbis

306 1198 507 1231 terrarum
532 1204 614 1230 non
635 1189 771 1230 videat
791 1189 1131 1244 conspirationem
1163 1188 1283 1229 istam
1313 1204 1412 1240 esse,
1441 1205 1524 1230 non
1547 1191 1692 1231 Conci-

304 1258 432 1305 lium3
466 1266 507 1298 et
536 1257 634 1298 istos
663 1257 904 1312 Episcopos,
927 1272 1031 1312 quos
1056 1272 1167 1298 nunc
1197 1256 1272 1297 sibi
1296 1257 1490 1298 Pontifex
1521 1258 1693 1299 advoca-

305 1326 380 1377 vit,
401 1340 569 1382 prorsus
593 1326 755 1381 juratos
786 1334 826 1365 et
857 1324 1042 1365 addictos
1072 1340 1157 1365 esse
1187 1325 1276 1380 ejus
1299 1324 1478 1372 nomini;
1511 1341 1585 1366 nec
1617 1342 1692 1366 un-

307 1408 431 1449 quam
455 1392 684 1448 quidquam
706 1392 900 1442 facturos,
923 1392 998 1433 nisi
1026 1393 1140 1448 quod
1169 1392 1228 1432 illi
1258 1392 1432 1448 placere,
1454 1401 1495 1434 et
1522 1394 1575 1434 ad
1603 1395 1693 1450 ejus

306 1459 533 1516 potentiam
554 1459 787 1515 augendam
807 1459 953 1509 facere,
976 1468 1016 1500 et
1036 1459 1152 1500 illum
1173 1459 1276 1500 velle
1297 1459 1485 1508 videant;
1518 1470 1590 1501 aut
1610 1476 1693 1501 non

307 1527 365 1568 ibi
405 1526 612 1567 numerari
653 1526 873 1567 sententias
911 1527 1049 1582 potius
1080 1541 1206 1582 quam
1245 1527 1450 1582 appendi;
1495 1537 1566 1568 aut
1609 1543 1691 1568 non

308 1595 517 1636 meliorem
550 1604 709 1650 partem
741 1610 848 1650 saepe
878 1610 903 1635 a
933 1595 1087 1650 majore
1117 1595 1329 1650 superari?
1363 1596 1514 1650 Itaque
1546 1595 1694 1636 scimus

309 1662 461 1703 multos
491 1677 599 1717 saepe
625 1662 754 1702 bonos
782 1661 904 1710 viros,
927 1671 967 1702 et
993 1662 1212 1703 catholicos
1232 1662 1475 1718 Episcopos,
1496 1678 1590 1703 cum
1617 1663 1695 1703 hu-

303 1728 488 1785 jusmodi
510 1728 694 1769 Concilia
722 1728 1014 1779 indicerentur,
1035 1738 1076 1769 et
1101 1738 1241 1785 aperte
1260 1729 1507 1770 factionibus
1536 1738 1577 1770 et
1602 1744 1695 1785 par-

311 1796 422 1837 tibus
442 1796 720 1846 inserviretur,
743 1805 783 1836 et
804 1796 952 1836 scirent
979 1812 1020 1836 se
1041 1805 1203 1837 tantum
1224 1796 1386 1837 lusuros
1407 1813 1492 1838 esse
1512 1812 1693 1853 operam,

311 1863 637 1918 adversariorum
667 1863 823 1904 animos
854 1877 1022 1919 prorsus
1049 1878 1134 1917 esse
1164 1863 1415 1914 obfirmatos,
1446 1864 1548 1904 nihil
1577 1879 1696 1919 posse

310 1930 556 1987 promoveri,
578 1931 772 1971 mansisse
799 1931 922 1971 domi.
983 1930 1252 1981 Athanasius,
1273 1946 1366 1971 cum
1395 1941 1564 1972 vocatus
1591 1940 1695 1971 esset

311 1999 363 2039 ab
395 1999 650 2054 Imperatore
681 1998 734 2039 ad
769 1997 1001 2039 Concilium
1035 1997 1298 2049 Caesariense,
1320 2006 1361 2039 et
1392 1998 1540 2039 viderit
1570 2014 1611 2038 se
1641 1998 1695 2038 ad

311 2066 459 2107 infesta
487 2067 814 2107 adversariorum
850 2081 1018 2107 suorum
1050 2065 1145 2106 odia
1173 2074 1396 2106 venturum
1424 2081 1524 2116 esse,
1556 2066 1696 2107 adesse

311 2133 454 2175 noluit.
516 2134 636 2174 Idem
669 2142 812 2190 postea
843 2149 936 2175 cum
972 2133 1147 2174 venisset
1177 2133 1228 2174 ad
1253 2133 1484 2175 Concilium
1517 2133 1696 2189 Syrmia-

311 2217 427 2252 num,
450 2210 490 2242 et
520 2217 571 2242 ex
602 2202 780 2242 hostium
814 2216 982 2242 suorum
1004 2200 1167 2252 ferocia,
1190 2210 1316 2257 atque
1345 2201 1454 2251 odio,
1475 2202 1610 2242 animo
1637 2202 1695 2242 rei

312 2278 505 2309 eventum
537 2268 789 2325 praesagiret,
826 2268 961 2309 statim
999 2267 1173 2309 sarcinas
1208 2268 1385 2324 collegit,
1420 2277 1544 2324 atque
1582 2268 1693 2309 abiit.

314 2338 343 2377 J
346 2352 496 2377 oannes
518 2337 851 2393 Chrysostomus,
874 2335 1062 2392 quamvis
1077 2335 1286 2391 quaternis
1301 2335 1427 2376 literis
1443 2336 1495 2376 ab
1513 2337 1697 2392 Impera-

315 2413 402 2445 tore
423 2404 607 2445 Arcadio
629 2413 798 2445 vocatus
817 2412 921 2444 esset
942 2403 995 2443 ad
1018 2403 1248 2444 Concilium
1270 2403 1536 2454 Arianorum,
1560 2413 1696 2444 tamen

316 2470 426 2511 domi
444 2487 484 2511 se
505 2471 640 2512 contin
648 2471 718 2511 uit.
764 2472 872 2511 Cum
891 2469 1279 2526 Hierosolymorum
1295 2469 1540 2525 Episcopus,
1558 2470 1696 2510 Maxi-

315 2554 422 2589 mus,
445 2540 602 2580 sederet
629 2539 671 2579 in
694 2538 878 2579 Concilio
900 2538 1135 2588 Palaestino,
1157 2553 1250 2578 eum
1283 2553 1405 2578 senex
1434 2537 1697 2592 Paphnutius

315 2621 441 2646 manu
473 2607 775 2662 apprehensum
808 2605 953 2646 eduxit
986 2606 1116 2646 foras:
1167 2607 1261 2646 Non
1296 2614 1356 2645 est
1386 2604 1460 2653 fas,
1492 2603 1694 2658 inquiens,

316 2673 433 2713 nobis
453 2674 681 2713 consultare
703 2674 754 2714 de
775 2673 836 2713 his
856 2674 978 2713 rebus
997 2688 1091 2713 cum
1112 2672 1346 2713 hominibus
1366 2670 1512 2726 impiis.

374 2740 447 2779 Ad
479 2740 709 2780 Concilium
743 2740 1021 2795 Syrmianum,
1041 2756 1066 2781 a
1091 2755 1176 2795 quo
1205 2755 1246 2780 se
1279 2736 1477 2779 subduxit
1510 2735 1695 2777 Athana-
