1799 3077
437 106 674 147 NOELLI
710 106 1175 148 CATECHISMUS.
1414 112 1496 152 225

167 220 230 260 Μ.
263 221 337 260 An
357 235 456 276 ergo
476 219 645 275 reliquis
660 218 806 260 diebus
826 218 932 260 hanc
952 235 1092 260 curam
1114 220 1289 275 abjicere
1311 220 1476 264 licebit?

164 289 221 328 A.
257 289 555 344 Nequaquam:
590 289 819 343 Postquam
841 287 947 327 enim
975 287 1097 328 semel
1127 287 1386 344 coeperimus,
1408 305 1499 345 per-

106 356 291 411 gendum
313 356 400 397 fest
422 371 495 412 per
514 365 647 397 totum
669 355 765 396 vitae
786 355 1035 396 curriculum
1052 371 1063 403 ;
1096 363 1137 396 et
1157 370 1355 397 numerus
1376 366 1395 395 g
1409 372 1497 413 sep-

109 424 302 475 tenarius,
335 439 465 480 quum
497 423 791 480 perfectionem
820 423 862 464 in
899 423 1121 479 Scripturis
1152 423 1353 480 designet,
1385 425 1495 465 omni

106 507 184 548 ope
215 501 339 547 atque
369 507 495 548 opera
524 491 686 532 assidue
716 490 829 541 eniti,
851 500 977 547 atque
1008 491 1061 531 ad
1094 506 1183 532 eam
1214 491 1495 533 hcontendere

105 569 294 616 oportere
324 576 398 601 nos
427 560 633 601 admonet.
695 560 794 600 Una
826 567 964 600 tamen
994 558 1239 609 ostenditur,
1262 575 1336 600 nos
1356 561 1495 616 quoad

105 628 147 669 in
167 628 246 670 hoc
266 628 424 669 mundo
440 627 631 678 vivimus,
650 643 675 668 a
695 627 917 683 spiritualis
932 627 1059 683 hujus
1076 627 1225 682 quietis
1245 628 1495 684 perfectione

104 705 230 753 atque
260 696 516 738 absolutione
544 695 687 751 ilonge
716 696 868 744 abesse,
892 705 1147 751 gustumque
1174 704 1335 737 tantum
1367 712 1495 752 quen-

105 765 201 806 dam
223 765 288 806 hic
309 765 426 806 nobis
456 764 631 821 praeberi
652 764 801 819 quietis
822 763 944 813 illius,
967 779 1091 818 quam
1113 763 1154 804 in
1177 779 1304 820 regno
1325 765 1406 806 Dei
1428 781 1494 806 su-

104 849 198 875 mus
217 834 397 891 perfecte
417 833 437 862 ¹<
451 833 696 883 absolutam,
720 832 1093 888 foelicissimamque
1113 832 1308 874 habituri.

163 904 226 944 M.
260 904 390 944 Recte
422 902 601 943 recitatae
627 902 716 958 jam
746 900 846 941 mihi
867 916 891 941 a
912 910 951 941 te
973 910 1069 941 sunt
1090 901 1226 956 Leges
1256 900 1402 956 primae
1435 910 1493 942 ta-

103 970 229 1021 bulae,
252 986 336 1027 qua
356 986 477 1011 verus
499 969 579 1010 Dei
599 969 749 1019 cultus,
772 968 845 1024 qui
866 978 926 1009 est
954 968 1157 1009 bonorum
1178 968 1362 1009 omnium
1384 968 1491 1018 fons,

104 1038 338 1080 summatim
374 1037 747 1094 comprehenditur.
820 1038 850 1076 J
852 1051 918 1077 am
957 1051 1055 1076 vero
1094 1051 1190 1091 quae
1225 1035 1306 1076 sint
1344 1036 1493 1077 amoris

104 1106 396 1162 charitatisque
427 1115 577 1147 nostrae
601 1121 700 1161 erga
719 1104 904 1145 homines
924 1104 1069 1155 officia,
1093 1120 1188 1160 quae
1209 1119 1260 1144 ex
1281 1103 1359 1146 isto
1379 1104 1492 1145 fonte

104 1175 333 1217 scaturiunt
354 1184 395 1215 et
415 1174 669 1225 derivantur,
692 1189 871 1230 quaeque
902 1172 1082 1214 secunda
1111 1172 1253 1213 tabula
1282 1172 1491 1214 continen-

103 1253 186 1294 tur,
209 1243 308 1284 mihi
329 1243 439 1284 dicas
460 1242 593 1283 velim.

160 1313 218 1352 A.
258 1310 459 1352 Secundae
490 1309 643 1351 tabulae
681 1309 843 1350 initium
880 1318 954 1359 est,
987 1308 1238 1350 1ΗΟΝΟΒΑ
1279 1323 1484 1350 PATREM

106 1394 167 1421 ET
210 1393 431 1420 MATREM
450 1395 461 1430 3
504 1392 567 1419 UT
607 1392 679 1419 Sls
724 1391 1014 1419 LONGAEVUS
1057 1391 1216 1417 SUPER
1256 1390 1488 1427 TERRAM,

106 1461 252 1489 QUAM
280 1460 522 1488 DATURUs
550 1460 639 1487 EsT
665 1459 776 1486 TIBI
800 1446 1054 1486 DOMINUS
1081 1445 1221 1485 DEUs
1249 1458 1395 1485 Tuus.

161 1517 224 1556 M.
259 1514 444 1556 Honoris
465 1514 629 1555 nomine
650 1514 726 1555 hoc
747 1513 836 1554 loco
857 1512 959 1568 quid
981 1511 1259 1567 significatur?

160 1586 215 1624 A.
261 1585 411 1624 Honor
445 1590 679 1639 parentum,
713 1596 908 1631 amorem,
947 1588 979 1608 m
995 1579 1196 1630 timorem,
1228 1588 1268 1620 et
1303 1595 1486 1620 reveren-

101 1652 198 1693 tiam
230 1651 540 1707 complectitur3
586 1659 626 1691 et
656 1650 697 1690 in
727 1648 957 1690 obediendo
987 1648 1079 1698 illis,
1110 1647 1153 1688 in
1189 1647 1334 1698 salute,
1362 1657 1487 1704 atque

101 1718 255 1760 auxilio
275 1719 458 1769 ferendo,
481 1735 549 1760 eos
569 1717 844 1767 defendendo,
866 1727 991 1772 atque
1022 1716 1144 1757 etiam
1173 1715 1204 1756 si
1231 1716 1399 1771 quando
1426 1731 1486 1756 re-

100 1802 192 1827 rum
214 1787 353 1843 inopia
370 1787 571 1836 laborent,
595 1785 789 1835 fovendo,
812 1794 859 1826 ut
884 1785 926 1825 in
953 1784 1121 1840 proprio
1142 1799 1216 1825 suo
1236 1799 1406 1825 munere
1425 1793 1484 1825 at-

99 1871 181 1911 que
201 1855 333 1896 officio
352 1864 549 1895 versatur.

157 1925 220 1965 M.
254 1926 326 1965 An
347 1924 399 1964 de
418 1923 466 1965 iis
487 1932 647 1964 tantum
669 1922 741 1978 qui
763 1931 910 1963 natura
930 1929 1119 1977 parentes
1140 1930 1250 1970 sunt,
1268 1921 1360 1961 Lex
1381 1936 1484 1976 prae-

99 1992 197 2049 cipit
211 1995 228 2033 ?

156 2063 211 2102 A.
247 2060 432 2102 Tametsi
452 2060 540 2117 ipsa
560 2060 686 2101 verba
706 2058 819 2099 aliud
841 2072 983 2098 sonare
1004 2071 1084 2097 non
1107 2055 1315 2105 videntur,
1336 2055 1480 2096 intelli-

97 2129 222 2186 gendi
243 2138 379 2170 tamen
400 2139 497 2170 sunt
516 2144 670 2179 omnes,
692 2127 846 2183 quibus
872 2125 1011 2181 aliqua
1038 2124 1239 2166 attributa
1258 2133 1318 2165 est
1337 2123 1482 2164 autho-

97 2197 218 2245 ritas;
253 2206 301 2238 ut
321 2206 342 2225 ¹¹
357 2197 645 2253 Magistratus,
669 2194 863 2237 Ecclesiae
887 2202 905 2221 0
921 2192 1119 2242 Ministri,
1141 2201 1160 2230 P
1174 2194 1477 2248 Praeceptores3

97 2265 275 2321 denique
296 2273 536 2306 ornamento
562 2264 701 2320 aliquo
721 2262 784 2304 vel
806 2263 1015 2303 honoratae
1034 2269 1054 2298 q
1067 2259 1214 2309 aetatis,
1235 2259 1300 2300 vel
1327 2258 1480 2315 ingenii

97 2333 403 2389 sapientiaeque,
425 2332 491 2373 vel
511 2332 722 2381 doctrinae,
745 2330 806 2371 vel
828 2329 985 2386 gloriae,
1009 2327 1073 2368 vel
1093 2328 1272 2368 fortunae
1301 2326 1478 2383 praediti,

140 2436 153 2456 s
173 2439 254 2468 Mat.
273 2438 359 2468 xxiv.
377 2447 425 2475 13.
447 2439 517 2468 dac.
535 2437 556 2467 i.
575 2445 629 2474 24,
645 2443 695 2476 25.
782 2442 795 2461 g
819 2435 898 2465 Gen.
914 2433 948 2464 ii.
968 2443 997 2471 2,
1014 2443 1046 2472 3.
1069 2442 1090 2471 4
1106 2433 1185 2473 Reg.
1203 2443 1233 2463 v.
1250 2442 1298 2463 10.
1322 2433 1405 2463 Psal.
1422 2432 1479 2464 xii.

96 2493 128 2524 6.
217 2492 231 2512 ¹¹
249 2492 329 2522 Gen.
347 2492 423 2522 xvii.
442 2502 468 2522 1.
493 2492 574 2522 Mat.
593 2501 621 2521 ν.
639 2491 691 2528 48.
793 2488 800 2509 ῑ
829 2499 841 2519 1
862 2489 935 2519 Cor.
952 2488 984 2517 ii.
1002 2497 1032 2527 9.
1055 2488 1156 2526 Apoc.
1173 2487 1226 2516 vii.
1247 2494 1296 2526 15,
1315 2485 1364 2523 16,
1385 2494 1432 2526 17.
1449 2493 1482 2518 et

96 2546 161 2576 xiv.
180 2555 228 2584 13.
245 2550 277 2576 et
292 2545 357 2576 xxi.
374 2553 404 2583 4.
550 2543 565 2564 k
589 2544 675 2575 Esai.
693 2553 768 2573 xxv.
785 2543 815 2573 8.
845 2552 855 2572 1
877 2542 950 2572 Cor.
967 2541 989 2570 ii
1017 2550 1047 2580 9.
1074 2549 1090 2570 2
1105 2540 1200 2570 Thes.
1217 2540 1239 2570 i.
1259 2547 1286 2579 7.
1312 2541 1409 2579 Apoc.
1426 2540 1481 2570 vii.

99 2600 147 2631 16.
166 2604 197 2630 et
213 2599 275 2630 xiv.
292 2608 340 2637 13.
358 2603 390 2629 et
405 2598 471 2628 xxi.
487 2606 518 2635 4.
649 2595 657 2616 ¹
675 2597 776 2627 Exod.
793 2605 846 2626 xx.
864 2603 912 2625 12.
936 2595 1034 2624 Dent.
1052 2604 1080 2623 v.
1099 2592 1146 2623 16.
1171 2594 1254 2624 Mat.
1271 2603 1325 2623 xv.
1340 2602 1370 2631 4.
1397 2594 1478 2633 Eph.

95 2653 137 2682 vi.
154 2662 184 2689 2,
202 2661 232 2691 3.
336 2658 358 2671 ¹¹¹
376 2652 468 2681 Prov.
486 2651 506 2680 i.
526 2650 556 2680 8.
583 2651 666 2680 Mar.
681 2649 733 2679 vii.
754 2658 804 2684 10,
824 2657 871 2678 12.
897 2647 1003 2677 Colos.
1020 2646 1065 2676 iii.
1085 2655 1135 2676 20.
1163 2656 1174 2676 1
1191 2646 1278 2676 Tim.
1295 2656 1324 2675 v.
1341 2654 1371 2683 4.
1397 2646 1480 2677 Heb.

95 2707 153 2736 xii.
171 2716 200 2746 9.
332 2712 346 2726 ¹¹
370 2707 467 2737 Dent.
484 2705 559 2736 xvii.
580 2715 627 2735 10.
653 2705 745 2734 Rom.
763 2702 830 2733 xiii.
851 2712 878 2732 1.
1008 2707 1021 2720 ⁰
1046 2701 1124 2731 Luc.
1142 2710 1172 2730 x.
1190 2699 1238 2730 16.
1267 2710 1279 2729 1
1299 2700 1385 2731 Tim.
1403 2711 1430 2730 v.
1452 2710 1478 2731 1.

97 2766 111 2786 Ρ
133 2761 225 2790 Prov.
242 2770 271 2790 v.
291 2769 337 2797 ¹3-
362 2761 433 2791 Joh.
452 2759 517 2790 viii.
535 2767 586 2796 3¹.
717 2764 730 2781 ‘¹
758 2757 833 2786 Lev.
851 2755 917 2786 xix.
936 2764 988 2793 32.
1015 2755 1105 2784 Prov.
1124 2754 1190 2784 xix.
1211 2764 1256 2784 10.

158 2816 250 2843 VOI..
272 2817 298 2842 Ι.
787 2814 813 2841 Q
