1799 3077
90 303 172 332 AEroe
189 302 271 340 vulg.

121 344 236 375 LXIV.

114 430 247 459 Neronis

156 483 205 504 10.

163 1944 212 1965 11.

292 181 376 223 374
586 218 591 223 „
812 176 1096 218 PEARSON
1104 177 1151 216 ΙΙ

351 293 510 335 Paulus
530 308 552 334 e
574 293 698 334 Creta
718 305 811 332 cum
836 289 1060 330 Timotheo
1080 289 1122 329 in
1144 289 1173 329 J
1180 288 1341 329 udaeam
1370 289 1552 344 navigat,
1575 288 1681 329 Heb.

294 361 376 403 xiii.
397 363 464 403 23.

353 432 448 471 Hoc
477 445 585 471 anno
615 430 764 470 Romae
794 425 1033 467 execrabilis
1062 425 1131 466 illa
1163 424 1400 466 Persecutio
1432 424 1684 466 Christiano-

294 513 387 539 rum
407 508 498 539 orta
517 506 589 538 est.

351 567 465 607 Nero
484 564 642 606 Albino
664 563 836 604 Florum
859 577 1130 602 successorem
1151 561 1234 602 dat.

350 633 561 690 Josephus
590 640 685 688 post
713 645 869 671 annum
900 630 1032 671 aetatis
1063 644 1186 671 XXVI.
1218 630 1392 670 Romam
1424 629 1606 685 navigat,
1639 636 1686 669 ut

296 701 535 744 Sacerdotes
561 699 763 756 quosdam
793 698 869 739 sibi
896 697 1131 749 familiares,
1153 714 1258 754 quos
1280 697 1400 739 Felix
1421 697 1687 739 vinctos'Ro-

294 786 404 812 mam
424 769 602 819 miserat,
625 767 828 808 liberaret.
889 767 1067 808 Romam
1096 775 1234 808 autem
1262 765 1354 807 illos
1380 765 1546 807 miserat
1566 764 1686 807 Felix

295 840 462 880 ineunte
481 852 590 878 anno
611 851 682 877 Lx.
705 851 798 877 cum
823 836 910 892 jam
938 851 1093 876 annum
1114 845 1254 892 ageret
1275 836 1304 876 J
1308 834 1487 891 osephus
1507 833 1624 875 xxiii.
1647 844 1689 874 et

295 907 401 948 inter
430 920 540 955 eum,
569 914 611 945 et
641 904 715 945 hos
747 903 988 945 Sacerdotes
1017 903 1273 945 familiaritas
1302 903 1583 944 intercesserat
1613 918 1689 959 per

295 976 424 1017 ferme
453 973 795 1030 quadriennium:
829 972 941 1013 unde
971 971 1137 1014 duratio
1168 972 1318 1013 Felicis
1348 971 1389 1012 in
1421 971 1554 1013 officio
1586 972 1688 1012 Pro-

295 1043 495 1086 curatoris
525 1042 679 1099 optime
713 1042 994 1082 confirmatur.
1054 1042 1162 1082 Nam
1196 1041 1228 1081 si
1260 1040 1337 1082 sub
1368 1039 1485 1081 initio
1516 1039 1688 1096 Imperii

297 1111 488 1162 Neronis,
521 1119 567 1152 ut
597 1110 757 1161 volunt,
789 1109 832 1150 hi
865 1109 1106 1151 Sacerdotes
1135 1125 1160 1150 a
1191 1108 1328 1150 Felice
1358 1107 1469 1149 missi
1498 1107 1687 1158 fuissent,

296 1180 514 1222 familiares
539 1179 569 1219 J
572 1177 717 1234 osephi
745 1177 825 1219 dici
851 1193 934 1218 non
963 1186 1167 1234 poterant.
1231 1179 1356 1219 Tunc
1382 1177 1492 1218 enim
1511 1176 1599 1233 ipse
1618 1175 1690 1217 vix

296 1249 533 1306 expleverat
559 1263 715 1289 annum
741 1247 874 1288 aetatis
894 1261 1023 1288 XVIII.
1045 1256 1086 1289 et
1106 1256 1206 1288 tunc
1226 1246 1268 1288 in
1289 1247 1451 1289 deserto
1472 1247 1576 1288 vixit
1595 1262 1691 1288 cum

297 1320 414 1360 Bano
434 1316 631 1373 quodam,
655 1331 836 1372 quocum
855 1315 914 1357 ibi
934 1324 1119 1357 versatus
1147 1325 1208 1357 est
1235 1316 1288 1357 ab
1315 1331 1424 1357 anno
1450 1315 1583 1358 aetatis
1603 1331 1691 1357 suae

297 1401 387 1427 xvl.
409 1401 483 1442 per
504 1383 741 1426 triennium.

354 1454 512 1496 Paulus
532 1469 554 1494 e
574 1454 604 1494 J
608 1452 730 1494 udaea
747 1452 790 1493 in
812 1452 958 1494 Asiam
980 1452 1103 1493 venit.
1168 1451 1253 1493 Ubi
1276 1451 1526 1492 Timotheus
1548 1451 1692 1508 Ephe-

297 1537 387 1564 sum
417 1520 541 1562 venit.
604 1521 702 1576 Ipse
731 1529 871 1561 autem
901 1520 1161 1561 Colossenses
1189 1519 1297 1569 visit,
1327 1534 1433 1575 quos
1461 1527 1557 1560 ante
1585 1533 1692 1559 nun-

297 1604 423 1645 quam
450 1587 624 1638 viderat,
654 1597 694 1629 et
721 1587 836 1645 apud
862 1603 968 1644 quos
993 1603 1235 1644 permanere
1263 1596 1476 1638 statuerat,
1501 1596 1548 1627 ut
1576 1596 1692 1643 patet

297 1672 347 1698 ex
377 1658 458 1713 Ep.
489 1655 544 1696 ad
572 1654 872 1705 Philemonem,
900 1670 995 1696 cum
1023 1655 1198 1712 Apphia
1225 1654 1388 1705 dilecta,
1411 1664 1451 1695 et
1472 1653 1693 1710 Archippo

297 1723 574 1766 commilitone
601 1739 676 1764 suo
704 1723 964 1779 peculiariter
991 1723 1169 1780 scripta;
1203 1739 1288 1780 qua
1305 1723 1421 1764 illum
1444 1722 1500 1764 sic
1520 1721 1694 1778 alloqui-

298 1801 381 1842 tur,
403 1793 522 1832 Para
542 1792 645 1832 mihi
664 1792 905 1848 hospitium,
927 1806 1027 1833 nam
1055 1806 1176 1848 Spero
1194 1807 1277 1849 per
1301 1793 1510 1833 orationes
1531 1796 1693 1831 vestras

299 1861 449 1901 donari
470 1874 532 1900 me
554 1860 681 1910 vobis,
703 1874 786 1899 ver.
810 1861 876 1899 22.

358 1927 509 1968 Florus
536 1926 648 1967 venit
677 1926 719 1966 in
750 1926 1018 1982 provinciam,
1047 1927 1168 1983 cujus
1199 1926 1466 1968 Praefecturae
1495 1941 1604 1967 anno
1634 1941 1694 1967 se-

300 1995 437 2038 cundo
458 1994 622 2036 Bellum
643 1994 780 2051 coepit.

358 2063 517 2106 Paulus
550 2064 639 2120 jam
678 2063 942 2119 profecturus
980 2063 1022 2104 in
1062 2062 1353 2104 Macedoniam
1389 2062 1515 2119 jubet
1550 2062 1694 2104 Timo-

302 2133 444 2174 theum
474 2147 715 2189 permanere
746 2131 920 2187 Ephesi,
953 2133 975 2172 1
1006 2133 1117 2173 Tim.
1146 2132 1171 2172 i.
1200 2133 1238 2172 3.
1302 2132 1413 2172 Nam
1444 2146 1539 2172 cum
1574 2141 1696 2173 antea

302 2210 364 2242 ter
393 2200 682 2242 tantummodo
713 2200 923 2256 profectus
951 2210 1012 2241 est
1042 2200 1084 2241 in
1110 2199 1417 2250 Macedoniam,
1438 2199 1480 2240 in
1507 2199 1624 2241 nulla
1644 2215 1694 2241 ex

303 2268 435 2310 tribus
461 2268 786 2325 profectionibus
812 2267 891 2309 illis
913 2268 1038 2324 jussit
1060 2268 1334 2309 Timotheum
1357 2267 1515 2324 Ephesi
1537 2282 1696 2323 perma-

304 2353 413 2378 nere.
1157 2377 1161 2379 .

362 2407 458 2446 Non
494 2405 652 2461 prima3
692 2415 790 2446 tunc
828 2405 934 2446 enim
968 2405 1240 2447 Timotheum
1276 2420 1414 2446 secum
1449 2403 1693 2459 assumpsit:

306 2474 402 2514 Non
424 2472 616 2524 secunda,
639 2488 734 2514 nam
755 2482 850 2515 ante
870 2489 959 2515 eam
980 2474 1277 2530 profectionem
1300 2472 1572 2514 Timotheum
1593 2486 1697 2528 prae-

306 2540 470 2582 miserat
490 2540 531 2581 in
554 2541 869 2583 Macedoniam:
904 2544 1000 2583 Non
1030 2542 1162 2593 tertia,
1186 2551 1286 2584 tunc
1306 2541 1414 2583 enim
1434 2540 1582 2582 habuit
1601 2554 1698 2581 eum

308 2608 348 2648 in
369 2609 513 2649 itinere
532 2609 735 2651 comitem.

367 2677 475 2716 Mox
503 2676 744 2733 priusquam
773 2678 918 2719 Asiam
949 2678 1159 2735 relinquit,
1188 2677 1517 2720 excommunicat
1538 2677 1699 2733 Hyme-

309 2758 445 2784 naeum
467 2753 507 2785 et
530 2745 754 2786 Philetum.

367 2811 577 2868 «Iosephus
597 2828 722 2868 opera
744 2815 939 2870 Poppaeae
963 2815 1202 2856 Sacerdotes
1223 2813 1396 2855 vinculis
1415 2813 1572 2854 liberat.
