1799 3077
319 180 407 221 ⁴364
844 175 1180 217 PEARSONII

118 307 198 334 AErae
215 306 299 342 vulg.
322 295 514 335 continuo
542 308 624 333 *non
653 292 857 347 acquievit
885 291 1004 330 carui
1026 296 1063 329 et
1084 289 1308 345 sanguini,
1331 287 1413 328 sive
1436 302 1514 327 non
1537 288 1706 329 contulit

150 349 267 378 XLIX.

323 378 415 404 cum
449 360 611 402 homine
642 360 850 415 quopiam,
880 374 903 398 a
934 373 1019 413 quo
1049 355 1266 412 Evangelii
1297 356 1524 397 doctrinam
1556 356 1708 397 discere

152 435 271 462 C¹a¹¹¹¹l1
324 430 628 487 potuit,neque
657 427 767 467 venit
796 425 1088 482 Hierosolyma
1114 424 1166 465 ad
1195 433 1467 465 antecessores
1495 439 1589 465 suos
1612 439 1709 480 apo-

194 485 224 516 9.

198 2755 232 2783 L.

324 497 461 547 stolos,
482 512 506 536 a
525 495 675 552 quibus
703 493 864 550 plenius
891 501 1067 533 mentem
1091 492 1260 533 Domini
1287 491 1440 533 discere
1467 491 1617 548 potuit,
1639 492 1710 532 secl

324 567 427 607 abiit
452 567 497 605 in
525 564 739 610 Arabiam,
769 561 839 601 ubi
870 576 943 617 per
973 560 1261 601 revelationem
1294 559 1569 614 Evangelium
1600 575 1710 600 acce-

325 633 410 690 pit;
444 642 483 673 et
513 645 697 672 reversus
725 638 784 670 est
813 630 1079 679 Damascum,
1110 629 1179 669 ubi
1207 628 1378 668 verbum
1407 628 1486 669 Dei
1513 628 1709 684 praedica-

286 704 288 710 '
326 701 385 741 vit
406 710 446 741 et
466 698 652 740 confudit
673 697 871 739 Judaeos:
905 698 1068 738 Deinde
1081 704 1180 753 post
1201 703 1284 738 tre-9
1304 711 1437 737 annos
1457 697 1582 737 rediit
1603 696 1709 748 (Da-

326 785 460 810 masco
480 767 648 821 scilicet)
667 767 976 822 Hierosolyma,
998 773 1045 807 ut
1066 768 1217 807 visere&
1238 767 1425 806 Petrum.
1468 766 1536 806 Ex
1557 765 1709 821 quibus

326 836 515 877 omnibus
542 835 648 876 clare
675 843 803 891 patet,
826 835 953 890 hujus
981 834 1143 875 triennii
1168 834 1366 890 epocham
1388 849 1412 873 a
1434 833 1710 874 Conversione

327 904 446 945 Pauli
476 904 560 960 peti
591 903 753 944 debere.
816 903 935 943 Idem
966 903 1187 944 dicendum
1224 914 1284 943 est
1316 903 1367 943 de
1399 902 1554 959 epocha
1585 917 1711 943 anno-

326 988 416 1013 rum
443 973 505 1012 14.
565 971 728 1012 Deinde
752 977 846 1027 post
866 985 998 1011 annos
1020 972 1088 1012 14.
1109 986 1261 1012 rursus
1282 972 1447 1012 ascendi
1470 971 1711 1026 Hierosoly-

326 1056 404 1081 ma.
467 1041 586 1081 Idem
614 1040 720 1080 enim
750 1039 897 1079 horum
920 1039 1139 1080 verborum
1162 1055 1322 1096 scopus,
1345 1040 1485 1080 eadem
1508 1053 1707 1079 annorum

326 1109 492 1166 epocha.
546 1110 635 1149 Vox
666 1109 772 1148 enim
807 1108 928 1148 ἔπειτα
951 1108 1135 1163 (deinde)
1158 1123 1239 1148 non
1267 1108 1481 1164 conjungit
1508 1108 1595 1148 haec
1623 1122 1711 1147 ver-

326 1179 379 1219 ba
409 1193 502 1219 cum
532 1177 609 1218 illis
639 1176 690 1217 de
722 1176 909 1227 triennio,
931 1176 1046 1233 quasi
1073 1192 1096 1217 a
1122 1177 1203 1217 fine
1231 1176 1340 1217 illius
1365 1176 1526 1217 triennii
1547 1175 1708 1216 initium

327 1256 557 1293 sumerent3
581 1246 693 1287 aliud
713 1245 819 1286 enim
843 1246 966 1286 ἔπειτα
987 1246 1093 1287 inter
1112 1246 1200 1287 haec
1220 1255 1259 1286 et
1280 1245 1349 1285 illa
1368 1244 1597 1294 intercedit,
1619 1260 1707 1300 cap.

328 1316 350 1356 i.
375 1318 440 1357 21.
472 1316 543 1357 ubi
573 1331 737 1356 narrare
764 1315 920 1371 incipit,
943 1315 1152 1371 quomodo
1173 1326 1357 1356 versatus
1386 1324 1446 1355 est
1466 1314 1507 1354 in
1532 1313 1650 1370 Syria
1671 1322 1709 1353 et

328 1384 484 1435 Cilicia,
505 1399 638 1440 neque
665 1399 807 1434 annos,
829 1383 982 1440 quibus
1002 1384 1083 1425 illic
1105 1392 1203 1425 tunc
1223 1393 1310 1425 erat
1328 1383 1370 1424 in
1391 1383 1438 1424 iis
1459 1382 1709 1439 regionibus,

326 1461 549 1493 enumerat.
611 1452 739 1493 Nulla
765 1452 893 1508 igitur
914 1452 979 1493 hic
1000 1452 1288 1508 chronologica
1312 1451 1511 1492 connexio
1540 1450 1710 1506 cogitari

328 1530 482 1577 potest:
519 1521 600 1562 Sed
621 1520 851 1577 Apostolus
872 1521 1049 1562 eundem
1075 1537 1244 1577 scopum
1266 1535 1528 1577 persequens,
1550 1520 1709 1568 deinde,

326 1589 475 1645 inquit„
504 1598 545 1630 et
571 1604 752 1635 rursum
786 1589 856 1630 sed
877 1605 1011 1645 neque
1031 1590 1177 1630 deinde
1197 1589 1362 1646 respicit
1382 1603 1537 1630 moram
1559 1588 1648 1644 ejus
1668 1587 1709 1627 in

328 1658 447 1714 Syria
467 1667 507 1698 et
529 1657 686 1708 Cilicia,
709 1673 843 1713 neque
868 1658 946 1699 hoc
973 1673 1124 1700 rursus
1153 1658 1381 1699 secundum
1407 1658 1503 1714 ejus
1517 1657 1711 1698 Hieroso-

326 1727 437 1783 lyma
465 1726 713 1767 adventum:
748 1727 856 1767 Nam
888 1727 1068 1768 secundo
1097 1726 1390 1783 Hierosolyma
1419 1735 1585 1767 venerat
1616 1741 1709 1766 cum

326 1795 522 1845 subsidio,
544 1803 763 1850 appetente
789 1794 912 1845 fame,
934 1805 975 1836 et
999 1795 1168 1851 quidem
1190 1810 1284 1836 cum
1308 1795 1514 1845 Barnaba,
1538 1794 1607 1834 sed
1629 1809 1709 1834 non

325 1872 538 1920 assumpto
554 1863 671 1903 Tito:
705 1862 786 1904 Sed
807 1863 905 1918 quia
925 1863 1125 1904 neminem
1151 1873 1249 1904 tunc
1270 1863 1570 1919 Apostolorum
1592 1862 1709 1912 vidit,

324 1931 550 1972 adventum
579 1930 696 1972 illum
724 1931 873 1981 omisit,
899 1941 1040 1988 utpote
1060 1932 1114 1973 ad
1133 1942 1375 1988 praesentem
1406 1946 1573 1987 scopum
1594 1931 1710 1971 mini-

326 2016 391 2042 me
410 2001 694 2057 pertinentem.

385 2070 486 2110 Post
506 2069 716 2110 decretum
740 2069 926 2119 Concilii,
947 2078 988 2110 et
1008 2068 1238 2125 Epistolam
1257 2084 1282 2108 a
1299 2069 1482 2110 Concilio
1503 2068 1708 2122 scriptam,

328 2136 484 2178 Paulus
512 2146 552 2178 et
580 2138 792 2179 Barnabas
812 2154 906 2179 cum
927 2139 956 2178 J
962 2138 1045 2178 uda
1064 2147 1104 2178 et
1127 2137 1224 2185 Sila,
1247 2137 1343 2178 viris
1363 2136 1578 2194 primariis,
1601 2136 1711 2177 veni-

328 2216 404 2246 unt
424 2205 705 2257 Antiochiam,
733 2216 774 2247 et
802 2206 998 2247 Ecclesiae
1020 2206 1292 2247 Antiochenae
1321 2206 1591 2247 reddiderunt
1611 2204 1713 2260 Epi-

328 2273 471 2314 stolam
494 2274 546 2315 ab
567 2275 762 2331 apostolis
782 2284 1002 2332 acceptam.

383 2344 413 2382 J
418 2342 520 2383 udas
549 2342 673 2383 etiam
702 2352 742 2384 et
771 2343 889 2393 Silas,
912 2358 1006 2384 cum
1033 2351 1165 2383 essent
1187 2343 1414 2399 prophetae,
1438 2342 1564 2382 verbo
1585 2341 1712 2397 pluri-

328 2424 395 2450 mo
415 2411 712 2451 confirmabant
733 2411 893 2451 fratres.

383 2479 413 2518 J
418 2477 520 2519 udas
547 2489 685 2519 autem
715 2478 835 2519 rediit
865 2478 1170 2534 Hierosolyma,
1195 2478 1298 2519 Silas
1319 2478 1541 2534 permansit
1564 2477 1712 2518 Antio-

326 2545 441 2586 chiae.

386 2614 557 2655 Interim
588 2616 700 2656 venit
735 2616 856 2657 etiam
895 2617 1044 2657 Petrus
1080 2615 1361 2663 Antiochiam,
1395 2624 1433 2654 et
1471 2612 1709 2668 aliquandiu

326 2695 420 2720 cum
444 2682 650 2723 Gentibus
670 2683 722 2723 ad
743 2683 867 2723 fidem
889 2683 1094 2724 conversis
1113 2683 1275 2723 edebat.

385 2748 493 2789 Cum
522 2758 659 2790 autem
688 2750 856 2805 quidam
878 2767 902 2790 a
922 2751 1083 2791 Jacobo
1104 2750 1304 2799 venirent,
1327 2750 1477 2789 Petrus
1499 2747 1713 2789 subtrahe-

150 2842 271 2870 (qaudffi
326 2816 396 2857 bat
414 2825 455 2856 ct
476 2817 716 2872 segregabat.
737 2833 802 2864 se;
838 2819 948 2859 unde
970 2818 1127 2859 Paulus
1146 2833 1240 2859 enm
1263 2816 1536 2872 reprehendit.

192 2894 237 2915 10.

384 2885 477 2924 Hoc
509 2893 691 2940 tempore
722 2886 1076 2941 reprehensionem
1105 2886 1213 2926 illam
1243 2886 1391 2926 factam
1423 2899 1507 2924 csse
1536 2883 1630 2923 inde
1651 2883 1711 2922 in-
