1799 3077
492 138 726 180 NOELLI
759 137 1224 179 CATECHISMUS.
1469 141 1552 183 265

170 253 297 309 igitur
317 253 390 309 qui
416 253 458 293 in
479 252 598 294 terris
617 252 756 293 videre
776 252 881 302 vult,
903 251 1060 308 aperiat
1088 251 1228 292 oculos
1257 266 1340 292 non
1360 254 1555 309 corporis,

172 321 241 362 sed
262 321 387 362 animi
415 329 456 362 et
488 320 622 372 Fidei,
644 330 685 361 et
705 319 861 361 videbit
881 329 1140 378 praesentem,
1162 335 1287 375 quem
1307 320 1451 361 oculus
1476 336 1558 362 non

172 389 296 430 videt.

231 458 294 498 M.
332 459 395 498 At
424 457 577 513 quibus
612 456 873 513 peculiariter
908 465 948 498 et
982 455 1255 498 efficacissime
1289 456 1430 498 adesse
1464 472 1560 498 eum

172 535 415 581 praesentem
435 525 620 581 agnoscit
641 525 797 566 Fides?

230 595 285 634 A.
319 594 555 650 Conspiciet
575 609 670 634 eum
692 593 812 634 Fidei
833 593 938 635 acies
967 602 1227 650 praesentem,
1250 602 1375 649 atque
1396 593 1500 634 adeo
1519 593 1562 634 in

173 661 323 713 medio,
347 662 586 718 ubicunque
617 672 714 704 sunt
734 662 820 703 duo
840 662 905 703 vel
936 671 1018 703 tres
1047 661 1285 718 congregati
1306 661 1372 702 sin
1398 662 1564 702 nomine

175 729 288 785 ejus3
322 729 478 770 videbit
504 742 749 785 praesentem
770 729 868 780 suis,
889 729 933 770 id
961 738 1035 780 est,
1057 744 1152 769 vere
1178 728 1256 784 piis
1282 729 1474 770 Omnibus
1498 744 1565 769 us-

174 813 256 853 que
276 797 328 838 ad
357 797 601 838 saeculorum
622 797 805 837 omnium
828 797 998 838 exitum.
1060 796 1171 847 Quid
1198 796 1316 837 dixi?
1349 796 1564 838 Christum

174 865 331 906 videbit
351 874 593 921 praesentem
612 868 629 905 ?
660 865 743 906 imo
763 875 804 906 et
820 864 991 914 videbit,
1009 873 1050 905 et
1070 864 1216 905 sentiet
1235 864 1277 904 in
1299 864 1430 920 seipso
1449 864 1566 905 habi-

175 942 331 974 tantem
352 932 528 989 quisque
549 932 657 989 pius,
678 932 793 973 haud
822 931 940 972 aliter
959 943 1085 987 atque
1105 931 1286 972 animum
1319 947 1440 972 suum
1471 948 1566 988 pro-

175 1001 325 1058 prium.
387 1001 564 1042 Habitat
590 1010 610 1039 g
623 1001 732 1041 enim
752 1016 799 1042 ac
819 1000 969 1042 residet
990 1000 1032 1041 in
1053 1000 1189 1041 animo
1220 1000 1323 1056 ejus,
1345 1000 1419 1056 qui
1449 1016 1565 1042 suam

176 1069 369 1110 fiduciam
390 1084 553 1110 omnem
574 1078 700 1125 atque
722 1083 836 1124 spem
856 1068 898 1109 in
919 1084 967 1109 eo
988 1067 1170 1109 collocat.

235 1139 298 1179 M.
331 1137 497 1193 Ecquid
519 1145 719 1193 praeterea
739 1136 866 1177 habes
885 1136 1022 1177 adhuc
1044 1135 1297 1177 dicendum?

233 1208 288 1247 A.
313 1206 504 1248 Christus
524 1205 781 1246 ascendendo
797 1205 1097 1261 assidendoque
1112 1204 1166 1245 ad
1185 1204 1398 1245 dexteram
1414 1204 1564 1255 Patris,

177 1273 322 1316 falsam
344 1274 490 1315 hillam
520 1273 770 1331 opinionem,
792 1288 918 1330 quam
949 1272 1174 1329 aliquando
1195 1272 1389 1329 Apostoli
1419 1271 1566 1313 ietiam

178 1342 254 1399 ipsi
284 1351 538 1399 acceperant,
559 1342 713 1384 amovit
742 1350 868 1397 atque
900 1357 951 1382 ex
981 1341 1196 1381 hominum
1226 1340 1372 1382 animis
1401 1341 1567 1396 penitus

179 1410 330 1462 evellit,
362 1410 477 1467 quod
512 1411 676 1461 scilicet,
710 1410 902 1452 Christus
938 1409 981 1449 in
1019 1409 1136 1450 terris
1171 1409 1289 1450 nobis
1323 1409 1567 1465 conspicuus

178 1489 426 1534 regnaturus
454 1488 571 1529 esset,
594 1479 705 1520 haud
735 1478 852 1519 aliter
872 1493 918 1519 ac
939 1476 1085 1533 reliqui
1108 1493 1224 1533 reges
1245 1486 1379 1527 terrae,
1396 1487 1437 1518 et
1457 1477 1569 1533 prin-

179 1546 288 1603 cipes
318 1548 530 1589 mundani.
591 1549 721 1588 Hunc
741 1546 954 1587 kerrorem
979 1545 1187 1587 mentibus
1216 1545 1365 1586 nostris
1395 1545 1566 1601 eripere,

179 1631 226 1656 ac
246 1615 298 1656 de
324 1631 452 1672 regno
482 1632 556 1656 suo
586 1615 716 1671 magis
747 1614 939 1656 sublimia
968 1613 1148 1670 cogitare
1178 1629 1252 1654 nos
1272 1613 1403 1654 voluit
1423 1613 1568 1654 Domi-

179 1698 284 1730 nus;
317 1684 456 1724 abesse
486 1699 584 1739 ergo
614 1683 666 1724 ab
690 1683 832 1732 oculis,
853 1692 978 1738 atque
998 1681 1110 1722 omni
1142 1696 1261 1722 sensu
1282 1696 1478 1737 corporeo
1498 1697 1569 1721 vo-

180 1751 272 1800 luit,
293 1760 337 1792 ut
358 1767 406 1792 ea
425 1751 595 1802 ratione,
614 1751 740 1792 Fides
759 1749 769 1778 ¹
785 1759 923 1791 nostra
943 1759 983 1791 et
1004 1749 1179 1791 excitata
1198 1759 1239 1790 et
1259 1749 1480 1790 exercitata
1501 1748 1566 1799 sit,

181 1819 231 1860 ad
254 1819 500 1860 intuendum
521 1820 843 1860 moderationem
864 1828 905 1860 et
930 1818 1233 1875 providentiam
1263 1819 1367 1875 ejus,
1389 1818 1463 1874 qui
1483 1833 1570 1859 cor-

180 1903 306 1944 porco
326 1897 494 1944 aspectu
517 1903 599 1929 non
621 1887 806 1929 sentitur.

239 1958 302 1997 M.
334 1958 483 2013 Ecqua
502 1957 582 1998 alia
600 1957 704 1998 ratio
725 1965 799 2008 est,
822 1971 949 2013 quare
970 1971 992 1996 e
1012 1955 1130 1996 terris
1159 1955 1201 1995 in
1222 1954 1373 1996 coelum
1404 1969 1444 1995 se
1473 1954 1568 1995 sub-

182 2024 347 2066 duxerit
363 2027 380 2065 ?

239 2095 295 2133 A.
329 2095 437 2134 Cum
459 2109 541 2134 non
565 2094 686 2135 unius
715 2093 889 2150 alicujus
917 2091 1094 2148 regionis
1124 2100 1257 2141 terrae,
1281 2091 1351 2132 sed
1381 2091 1566 2131 omnium

183 2170 217 2190 m
233 2170 434 2202 terrarum
455 2162 564 2203 orbis
593 2162 747 2219 pariter
767 2173 892 2218 atque
913 2170 934 2189 n
948 2160 1039 2202 coeli
1069 2160 1259 2216 princeps
1289 2159 1353 2209 sit,
1376 2158 1565 2199 vivorum

183 2229 336 2285 pariter
365 2239 489 2285 atque
511 2241 770 2271 mortuorum
792 2230 1022 2276 Dominus;
1055 2243 1130 2285 par
1159 2238 1258 2277 erat,
1282 2236 1329 2268 ut
1348 2226 1452 2267 clam
1478 2241 1567 2266 sen-

184 2298 296 2338 sibus
323 2297 469 2337 nostris
490 2313 665 2353 regnum
697 2314 818 2339 suum
849 2297 1162 2338 administraret.
1224 2297 1332 2336 Nam
1356 2295 1387 2335 si
1409 2295 1486 2335 sub
1506 2310 1568 2335 as-

184 2376 349 2422 pectum
380 2366 549 2417 veniret,
572 2367 706 2408 locum
738 2377 863 2423 atque
893 2368 1029 2408 sedem
1060 2375 1234 2416 mutare,
1257 2365 1339 2405 huc
1369 2374 1441 2405 ⁰et
1469 2365 1568 2405 illuc

183 2433 407 2475 identidem
439 2434 558 2485 trahi,
581 2447 622 2475 et
651 2451 761 2476 nunc
792 2436 833 2476 in
866 2435 968 2475 hanc
998 2434 1220 2490 regionem,
1243 2449 1353 2474 nunc
1382 2433 1424 2473 in
1445 2432 1566 2473 aliam

228 2567 240 2587 s
260 2570 342 2599 Mat.
360 2568 448 2598 xviii.
468 2578 518 2609 19,
537 2578 586 2599 20.
611 2569 722 2599 xxviii.
741 2578 791 2600 20.
815 2570 910 2599 Joan.
927 2568 992 2598 xiv.
1012 2568 1062 2606 18,
1082 2578 1132 2598 21.
1283 2576 1297 2595 g
1318 2569 1413 2598 Joan.
1430 2568 1495 2597 xiv.
1514 2576 1565 2606 23.

186 2623 303 2662 Ephes.
320 2623 364 2653 iii.
381 2622 431 2659 16,
450 2630 496 2661 17.
524 2623 631 2653 Colos.
648 2623 692 2653 iii.
710 2633 758 2653 11.
967 2622 982 2642 ¹¹
1005 2622 1085 2653 Luc.
1099 2622 1176 2652 xvii.
1195 2631 1246 2659 20,
1267 2631 1316 2652 21.
1340 2623 1437 2652 donn.
1453 2622 1495 2651 vi.
1516 2631 1566 2661 15.

188 2675 196 2696 i
218 2677 300 2707 Mat.
320 2687 374 2707 xx.
394 2686 443 2707 21.
468 2677 547 2707 Luc.
564 2677 650 2707 xxiv.
667 2687 719 2709 21.
742 2677 812 2708 Act.
829 2677 849 2706 i.
865 2676 893 2707 6.
1004 2675 1018 2695 ¹<
1041 2676 1138 2706 dean.
1156 2676 1246 2706 xviii.
1262 2676 1314 2715 36.
1419 2675 1426 2695 ¹
1451 2676 1566 2715 Ephes.

186 2730 208 2760 i.
229 2730 277 2761 18.
302 2731 407 2761 Colos.
424 2731 470 2760 iii.
492 2740 520 2766 1,
539 2739 567 2760 2.
763 2737 784 2750 ¹¹¹
809 2731 890 2761 Mat.
906 2729 1016 2759 xxviii.
1034 2730 1082 2761 18.
1111 2740 1121 2759 1
1140 2731 1213 2760 Cor.
1230 2741 1282 2762 xv.
1302 2739 1353 2769 24,
1375 2739 1427 2769 25,
1447 2737 1499 2769 27,
1517 2729 1568 2759 28.

188 2789 202 2802 ¹²
227 2783 317 2813 Rom.
334 2783 397 2815 xiv.
416 2794 446 2823 9.
473 2783 551 2813 Phil.
568 2783 602 2813 ii.
619 2793 653 2823 9,
672 2792 717 2813 10.
849 2791 862 2803 0
887 2783 964 2814 Luc.
981 2783 1058 2814 xvii.
1077 2793 1129 2821 20,
1150 2793 1199 2814 21.
