1799 3077
313 155 368 194 552
755 147 1258 189 PROTESTATIO

310 265 451 308 fateri:
490 263 651 304 Asserit
687 263 795 303 enim
831 261 1041 302 adulteros
1075 270 1116 301 et
1151 260 1389 310 homicidas,
1422 260 1504 301 imo
1537 261 1605 313 (ut
1639 269 1700 302 est

308 331 571 390 quorundam
592 329 707 385 apud
728 329 818 369 illos
837 328 996 384 opinio)
1019 328 1168 384 impios
1197 337 1238 369 et
1267 327 1467 377 infideles,
1491 342 1629 369 mures
1657 337 1699 369 et

309 416 428 447 canes
448 414 566 456 posse
586 396 767 452 recipere
793 411 943 451 corpus
974 395 1147 436 Domini
1168 410 1327 446 verum,
1351 394 1458 436 reale
1489 404 1530 436 et
1559 410 1702 451 corpo-

308 469 405 518 rale,
427 467 470 508 in
489 482 574 522 quo
595 464 798 506 inhabitat
819 463 1035 520 plenitudo
1066 463 1257 519 Spiritus,
1279 463 1397 514 lucis,
1418 463 1577 520 gratiae,
1598 478 1699 504 con-

307 549 371 579 tra
391 535 607 576 manifesta
628 533 766 581 verba,
792 534 906 573 Ioan.
931 531 982 571 vi.
1004 531 1047 572 in
1067 547 1137 572 sex
1157 531 1312 572 ibidem
1342 531 1440 572 locis
1469 542 1509 573 et
1541 541 1700 573 senten-

307 605 383 646 tiis.
449 602 603 644 Statuit
630 600 947 656 ἀνθρωποφαγίαν,
971 609 1012 640 et
1043 598 1254 640 bestialem
1285 600 1495 654 quandam
1526 599 1701 641 crudeli-

310 681 458 717 tatem;
492 668 700 711 crudelius
720 677 780 709 est
807 667 914 708 enim
943 667 1141 707 devorare
1166 666 1372 707 hominem
1395 666 1550 717 vivum,
1572 681 1697 722 quam

308 739 551 780 interimere.

363 825 402 850 v.
424 808 549 864 Cogit
586 806 718 847 multa
748 816 974 847 monstrosa
1007 805 1203 846 miracula
1234 813 1385 861 praeter
1416 805 1697 846 necessitatem

305 887 345 917 ct
380 875 674 917 authoritatem
710 873 824 915 verbi
860 873 939 914 Dei
975 888 1139 929 ponere.
1198 873 1413 928 Siquidem
1444 873 1486 913 in
1513 872 1696 914 adventu

306 945 431 1000 hujus
450 943 681 1000 praesentiae
708 941 891 997 corporis
921 941 1054 981 carnis
1086 940 1256 990 Christi,
1281 939 1551 981 substantiam
1581 939 1699 996 panis

305 1012 558 1053 extrudunt:
592 1019 755 1066 ponunt
782 1018 921 1050 autem
952 1009 1179 1050 accidentia
1209 1008 1294 1049 sine
1325 1008 1524 1063 subjecto,
1546 1023 1696 1064 corpus

306 1079 460 1121 Christi
492 1078 751 1119 substituunt
782 1077 867 1118 sine
898 1077 982 1118 suis
1012 1076 1297 1132 qualitatibus,
1327 1085 1367 1116 et
1388 1091 1486 1116 vero
1516 1076 1698 1132 corporis

306 1147 442 1189 modo.
504 1146 546 1188 Si
574 1161 671 1186 vero
703 1153 1003 1186 sacramentum
1035 1144 1180 1185 tandiu
1212 1153 1411 1194 servetur,
1443 1152 1488 1184 vt
1518 1159 1698 1185 mucces-

302 1225 381 1266 cat,
403 1223 443 1256 et
466 1229 624 1256 vermes
644 1213 740 1254 inde
760 1223 1026 1269 generentur,
1048 1212 1219 1269 quidam
1247 1212 1392 1253 dicunt
1423 1212 1694 1253 substantiam

302 1284 419 1341 panis
454 1282 696 1323 miraculose
731 1281 894 1329 redire;
937 1280 1005 1322 alii
1046 1291 1209 1337 negant.
1274 1279 1475 1321 Nonnulli
1509 1290 1695 1322 asserunt

301 1368 451 1409 corpus
484 1350 639 1393 Christi
670 1350 777 1391 reale
807 1350 848 1390 in
885 1349 1142 1391 stomachum
1174 1348 1404 1404 recipientis
1434 1348 1695 1397 descendere,

300 1420 440 1475 ibique
462 1419 606 1460 tandiu
629 1433 793 1459 manere
815 1427 992 1467 tantum,
1014 1417 1202 1473 quandiu
1229 1417 1307 1473 ipsi
1337 1426 1580 1472 permanent
1609 1431 1696 1457 esse

303 1487 424 1528 boni:
469 1486 649 1537 Quidam
672 1501 769 1526 vero
790 1495 873 1526 tam
895 1485 976 1526 cito
996 1500 1146 1541 corpus
1172 1484 1326 1526 Christi
1357 1484 1398 1524 in
1424 1483 1574 1525 coelum
1605 1484 1694 1540 rapi

301 1556 559 1606 confirmant,
591 1569 717 1610 quam
750 1553 901 1610 species
932 1553 1031 1609 ipsae
1062 1553 1256 1594 dentibus
1288 1561 1489 1593 teruntur.
1552 1552 1589 1592 O
1621 1551 1694 1592 mi-

302 1623 553 1665 rabiliarios!
593 1638 701 1672 vere,
735 1637 828 1662 vere
858 1621 899 1662 in
930 1621 1016 1663 istis
1047 1621 1263 1678 impletum
1296 1636 1380 1662 esse
1412 1620 1547 1671 video,
1579 1619 1693 1675 quod

301 1690 565 1748 prophetavit
595 1690 765 1739 Paulus,
788 1705 864 1745 pro
895 1705 943 1730 eo
973 1689 1086 1744 quod
1118 1688 1376 1730 dilectionem
1399 1687 1580 1729 veritatis
1610 1702 1691 1729 non

302 1768 559 1814 receperunt,
581 1758 622 1797 in
653 1757 731 1798 hoc
752 1768 796 1798 vt
828 1757 927 1797 salvi
958 1757 1116 1807 fierent,
1140 1756 1274 1797 mittet
1305 1756 1382 1796 illis
1414 1758 1532 1797 Deus
1562 1755 1694 1798 effica-

299 1827 402 1868 ciam
433 1826 646 1874 illusionis,
679 1834 725 1866 ut
756 1825 925 1866 credant
956 1825 1183 1874 mendacio,
1216 1835 1255 1865 et
1283 1824 1522 1879 judicentur
1552 1839 1692 1865 omncs

300 1894 373 1950 qui
411 1909 493 1935 non
523 1893 772 1935 crediderint
803 1893 976 1934 veritati.
1010 1895 1036 1932 2
1068 1893 1214 1934 Thess.
1235 1893 1274 1933 ii.
1338 1894 1444 1933 Haee
1474 1892 1692 1948 praesentia

299 1971 577 2002 commentum
612 1960 939 2002 concomitantiae
972 1960 1146 2017 peperit,
1175 1976 1270 2016 quae
1303 1959 1469 2001 sustulit
1499 1958 1621 2000 hodie
1651 1969 1691 2000 et

299 2030 514 2086 abrogavit
535 2039 788 2086 praeceptum
814 2028 982 2070 Domini
1004 2029 1056 2070 de
1077 2017 1418 2070 communicando
1439 2026 1588 2084 poculo
1605 2028 1691 2068 Do-

300 2099 397 2139 mini
419 2097 544 2140 laicis.

357 2168 410 2208 vi.
434 2169 593 2208 Ansam
625 2167 783 2223 praebet
810 2167 1011 2209 haereticis
1042 2167 1205 2208 errandi
1238 2178 1277 2208 et
1311 2182 1404 2207 suos
1436 2181 1592 2207 errores
1622 2166 1692 2207 de-

299 2235 518 2282 fendendi3
562 2245 608 2276 ut
642 2236 861 2286 Marcioni,
884 2236 957 2292 qui
988 2235 1092 2276 dixit
1116 2235 1328 2276 Christum
1361 2235 1511 2276 habere
1541 2250 1690 2291 corpus

299 2302 629 2360 phantasticum:
677 2313 717 2344 et
758 2304 955 2360 Eutychi,
999 2304 1070 2359 qui
1112 2303 1299 2345 confudit
1339 2302 1463 2359 impie
1503 2303 1606 2343 duas
1645 2302 1685 2342 in

299 2372 466 2413 Christo
488 2381 670 2413 naturas.

356 2440 424 2480 vii.
449 2441 665 2481 Postremo
700 2440 888 2482 falsificat
925 2441 1034 2482 dicta
1069 2451 1234 2497 patrum
1272 2440 1613 2489 orthodoxorum,
1648 2450 1688 2480 et

299 2507 420 2547 tidem
449 2507 715 2555 catholicam;
750 2524 874 2564 quam
898 2509 1073 2565 Vigilius
1105 2510 1272 2565 Martyr
1303 2517 1343 2550 et
1373 2508 1522 2549 author
1551 2506 1687 2563 gravis

297 2573 397 2614 dicit
418 2590 502 2615 esse
525 2576 717 2618 traditam
737 2577 790 2617 ab
820 2576 1047 2633 Apostolis,
1071 2576 1269 2632 sanguine
1299 2577 1538 2631 Martyrum
1569 2574 1687 2615 robo-

298 2651 441 2691 ratam,
476 2652 515 2682 ct
547 2658 570 2683 a
603 2644 795 2685 fidelibus
830 2645 883 2685 ad
916 2660 1031 2686 suam
1065 2659 1194 2701 vsque
1227 2654 1388 2685 aetatem
1422 2641 1684 2683 custoditam.

297 2707 422 2749 Dicta
447 2719 584 2751 autem
616 2720 782 2766 patrum
813 2712 1014 2768 intelligo,
1037 2714 1066 2753 J
1071 2713 1209 2764 ustini,
1233 2711 1396 2762 Irenaei,
1420 2710 1684 2761 Tertulliani,

296 2775 502 2832 Origenis,
530 2778 710 2830 Eusebii,
740 2780 958 2831 Emisseni,
990 2780 1222 2831 Athanasii,
1254 2779 1414 2837 Cyn-illi,
1444 2777 1683 2836 Epiphanii,
