1799 3077
248 124 333 163 304
576 119 811 161 NOELLI
845 118 1310 161 CATECHISMUS.

251 236 345 276 Imo
374 233 529 275 frustra
559 233 633 274 nin
667 232 924 274 stomachum
954 232 1094 273 cibum
1124 230 1364 287 ingerimuS,
1394 229 1470 270 nisi
1500 229 1640 270 divina

250 303 395 352 virtus,
429 317 513 358 qua
552 301 691 358 potius
723 315 847 356 quam
883 299 1069 341 ciborum
1112 297 1374 339 nutrimentis
1404 296 1567 347 alimur,
1600 306 1641 338 et

251 378 544 421 sustentamur,
567 378 608 410 et
636 369 771 410 alendi
801 368 883 409 vim
916 367 1030 418 cibis,
1052 377 1093 409 et
1124 367 1334 409 stomacho
1358 365 1642 422 concoquendi

252 437 490 479 facultatem
520 437 722 479 tribuerit.
785 437 852 478 Ob
883 451 1010 492 quam
1039 451 1202 477 causam
1234 433 1384 476 coenati
1419 433 1542 474 etiam
1579 433 1643 474 di-

254 521 406 546 urnum
437 506 590 556 cibum,
625 519 749 561 quem
779 505 866 560 jam
901 503 1146 559 accepimus,
1178 519 1203 544 a
1232 504 1325 544 Deo
1357 510 1494 543 tamen
1526 501 1645 542 nobis

254 574 444 629 praeberi,
462 574 504 615 id
525 583 599 624 est,
621 572 785 614 vitalem
805 581 931 627 atque
952 571 1172 612 salutarem
1192 570 1280 611 fieri
1301 569 1570 626 postulamus.

313 643 376 683 M.
411 642 724 692 Quotidianum,
746 650 787 681 et
808 639 965 691 Hodie,
988 654 1187 695 quorsum
1210 638 1453 679 adduntur?

312 713 371 752 A.
402 712 466 752 Ut
487 710 792 752 solicitudinum
815 708 1115 749 ocrastinarum
1147 707 1323 756 aculeos,
1352 721 1404 746 ne
1435 705 1522 746 dies
1553 721 1647 747 noc-

256 790 399 834 tesque
427 778 507 819 illis
530 778 686 819 frustra
713 776 1011 827 excruciemur,
1037 791 1088 816 ex
1118 774 1263 816 animis
1293 774 1442 815 nostris
1472 773 1644 820 evellat;

257 856 388 902 utque
419 846 641 887 nimiarum
670 860 799 901 opum
829 844 1064 900 inexplebili
1097 843 1338 900 cupiditate,
1366 851 1406 883 et
1438 841 1555 898 quasi
1585 857 1650 882 ra-

257 914 355 956 bida
386 914 509 964 fame,
535 929 561 954 a
588 913 797 955 mentibus
828 912 976 954 nostris
1007 911 1228 967 Pdepulsa,
1249 910 1428 952 officium
1461 919 1647 951 nostrum

260 981 403 1023 sedulo
437 982 645 1032 facientes,
676 997 701 1022 a
733 979 1026 1037 benignissimo
1061 981 1187 1020 Patre
1221 978 1407 1034 quotidie
1445 987 1649 1034 petamus,

260 1049 374 1106 quod
394 1048 461 1090 ille
480 1058 650 1105 paratus
670 1057 731 1089 est
751 1048 937 1104 quotidie
956 1046 1172 1103 impartiri.

321 1117 384 1157 M.
420 1118 554 1172 Perge
574 1116 626 1157 ad
648 1124 805 1157 caetera.

320 1185 375 1224 A.
412 1183 610 1239 Sequitur
639 1183 785 1239 quinta
819 1181 976 1238 petitio,
1007 1198 1092 1237 qua
1127 1183 1295 1223 Patrem
1332 1196 1563 1237 precamur,
1596 1195 1651 1221 UT

266 1266 473 1293 DELICTIS
494 1265 680 1292 NOSTRIS
704 1264 938 1291 IGNOSCAT.

324 1322 387 1361 M.
421 1321 557 1370 Quem
577 1318 745 1360 tandem
766 1318 844 1359 ista
863 1317 983 1358 venia
1001 1317 1186 1358 fructum
1202 1319 1532 1373 consequemur?

324 1390 379 1429 A.
413 1386 754 1443 Amplissimum3
788 1400 882 1425 nam
904 1400 1036 1441 quum
1063 1385 1181 1426 Deus
1209 1384 1443 1441 supplicum
1464 1384 1658 1425 qmisere-

269 1467 351 1506 tur,
373 1455 518 1497 eodem
539 1454 652 1510 apud
672 1468 768 1495 eum
789 1453 893 1503 loco,
915 1461 1041 1509 atque
1061 1452 1103 1493 in
1125 1468 1173 1493 ea
1191 1468 1287 1493 cum
1315 1452 1404 1509 ipso
1431 1452 1563 1508 gratia
1584 1452 1659 1493 eri-

269 1540 376 1576 mus,
398 1539 445 1565 ac
476 1523 508 1565 si
538 1523 788 1571 innocentes,
813 1521 955 1571 sancti,
979 1531 1019 1562 et
1050 1520 1092 1561 in
1122 1521 1313 1562 omnibus
1344 1520 1440 1562 vitae
1471 1519 1660 1576 partibus

272 1592 421 1649 integri
441 1606 635 1634 essemus·

331 1662 394 1702 M.
427 1662 500 1701 An
520 1660 609 1701 haec
629 1659 759 1700 veniae
779 1659 924 1715 petitio
943 1659 1135 1700 omnibus
1156 1668 1217 1700 est
1236 1658 1488 1699 necessaria?

331 1730 386 1769 A.
422 1727 636 1774 Maxime;
670 1741 801 1782 quum
823 1741 944 1767 nemo
964 1726 1076 1767 vivat
1101 1726 1337 1767 mortalium
1357 1725 1429 1782 qui
1459 1726 1502 1766 in
1533 1724 1665 1766 officio

274 1798 513 1852 frequenter
534 1804 547 1823 s
560 1810 642 1836 non
673 1794 850 1845 labatur,
873 1803 914 1834 et
933 1810 957 1835 a
977 1809 1062 1850 quo
1081 1809 1163 1835 non
1185 1794 1236 1835 sit
1254 1794 1297 1834 in
1319 1796 1459 1835 Deum
1490 1809 1598 1850 saepe
1617 1809 1664 1835 ac

274 1864 455 1920 graviter
496 1872 735 1919 peccatum;
780 1861 967 1917 adeoque
1009 1860 1288 1902 testimonium
1324 1861 1365 1902 in
1401 1876 1475 1903 nos
1505 1861 1666 1902 dicente

277 1941 290 1960 ⁵
307 1932 532 1988 Scriptura,
550 1930 624 1986 qui
643 1929 685 1970 in
707 1943 791 1969 uno
811 1928 950 1985 aliquo
970 1928 1200 1979 offenderit,
1219 1928 1403 1969 omnium
1425 1928 1667 1970 manifestus

280 2008 467 2046 tenetur;
501 2007 541 2039 et
561 1998 634 2054 qui
655 1997 707 2038 de
728 2012 812 2038 uno
833 2006 1001 2053 peccato
1021 2012 1062 2038 se
1083 1998 1176 2038 Deo
1196 2006 1244 2037 ut
1268 2006 1421 2052 purget
1441 1996 1665 2048 contendit,

280 2068 390 2109 mille
410 2067 638 2108 facinorum
659 2080 755 2106 reus
774 2073 983 2121 arguetur.
1048 2065 1110 2106 Ut
1137 2080 1236 2120 ergo
1256 2072 1484 2105 erratorum
1506 2064 1667 2105 veniam

282 2136 562 2192 impetremus,
585 2139 693 2174 tuna
723 2148 813 2188 spes
843 2141 904 2173 est
928 2131 1099 2188 reliqua,
1123 2132 1291 2173 unicum
1312 2132 1504 2173 omnibus
1529 2132 1670 2188 perfu-

282 2204 413 2259 gium,
435 2201 517 2243 Dei
538 2216 612 2257 per
634 2200 849 2242 Christum
882 2199 1041 2240 bonitas
1061 2209 1101 2240 et
1121 2199 1407 2240 misericordia.
1470 2199 1553 2250 Qui
1574 2215 1672 2242 vero

286 2286 326 2311 se
345 2274 531 2327 peccasse
552 2277 573 2297 ¹¹
586 2284 669 2310 non
690 2269 887 2318 fatentur,
905 2283 1038 2323 neque
1060 2267 1304 2308 delictorum
1325 2267 1486 2308 veniam
1507 2275 1670 2323 petunt,

287 2337 357 2378 sed
379 2346 506 2378 Xcum
529 2335 740 2376 Pharisaeo
765 2334 848 2385 illo,
871 2334 1104 2375 innocentia
1133 2344 1259 2390 atque
1283 2334 1447 2390 justitia
1466 2350 1541 2375 sua
1559 2334 1670 2390 apud

290 2406 443 2454 Deum,
476 2403 541 2444 vel
575 2412 717 2444 contra
752 2403 892 2443 Deum
929 2402 1066 2458 potius
1099 2402 1344 2458 gloriantur,
1375 2402 1400 2443 ii
1431 2418 1456 2443 a
1485 2402 1674 2443 societate

333 2503 346 2516 '¹
365 2498 461 2528 Deut.
479 2497 546 2527 viii.
563 2507 595 2535 3.
618 2497 702 2528 Psal.
720 2496 846 2527 lxxviii.
862 2504 914 2537 29,
929 2505 981 2535 30.
1008 2497 1088 2527 Mat.
1106 2497 1148 2527 iv.
1163 2506 1194 2535 4.
1358 2505 1370 2517 0
1388 2498 1471 2529 Mat.
1491 2498 1533 2528 vi.
1553 2505 1604 2537 25,
1620 2506 1675 2536 34.

293 2551 369 2581 Luc.
387 2561 418 2580 x.
432 2560 485 2588 4¹·
511 2551 591 2580 Phil.
607 2550 649 2580 iv.
667 2549 698 2581 6.
726 2560 736 2580 1
755 2550 824 2580 Pet.
839 2560 867 2579 v.
886 2557 914 2589 7.
1014 2556 1030 2576 Ρ
1050 2560 1060 2580 1
1081 2550 1168 2581 Tim.
1184 2550 1224 2581 vi.
1241 2560 1274 2591 9,
1296 2560 1343 2581 10.
1446 2558 1460 2577 ¹¹
1477 2551 1560 2582 Psal.
1575 2550 1675 2581 xxxii.

295 2614 324 2640 1,
345 2613 372 2633 2.
395 2604 490 2633 Rom.
507 2614 536 2633 v.
553 2604 586 2640 8,
608 2613 655 2634 10.
680 2613 696 2633 2
715 2604 789 2634 Cor.
804 2614 832 2633 v.
851 2604 899 2633 18.
926 2603 1034 2634 Colos.
1050 2603 1072 2634 i.
1092 2613 1144 2641 20,
1164 2613 1216 2642 21,
1238 2613 1288 2634 22.
1439 2612 1449 2625 ¹
1467 2605 1550 2635 Psal.
1564 2604 1628 2634 xiv.
1645 2613 1676 2642 3.

292 2656 372 2686 xliii.
392 2666 422 2693 2,
439 2666 469 2695 3.
493 2658 586 2687 Rom.
603 2658 648 2687 iii.
664 2667 714 2695 10,
731 2667 779 2687 11.
809 2658 932 2688 1Joan.
950 2657 970 2687 i.
990 2657 1023 2693 8,
1045 2667 1092 2688 10.
1242 2665 1252 2678 ⁵
1267 2658 1342 2688 Job.
1359 2659 1404 2689 ix.
1423 2669 1450 2694 1,
1466 2668 1492 2689 2.
1517 2658 1630 2690 Jacob.
1644 2657 1679 2688 ii.

298 2718 345 2738 ιο.
431 2712 440 2729 2
459 2718 475 2739 2
495 2711 568 2739 Cor.
585 2720 614 2739 v.
636 2709 686 2746 18,
708 2719 758 2749 19,
778 2719 830 2747 20,
849 2711 907 2740 &cn
936 2720 946 2739 1
967 2711 1062 2741 Joan.
1080 2711 1099 2739 i.
1120 2718 1150 2750 7,
1167 2721 1197 2749 9.
1222 2711 1254 2742 ii.
1274 2721 1301 2747 ι,
1318 2720 1348 2745 2,
1366 2720 1413 2741 12.
1515 2718 1528 2730 ¹¹
1550 2721 1560 2740 1
1581 2712 1676 2740 Joan.

295 2763 314 2791 i.
331 2762 363 2796 8,
386 2771 432 2791 ιο.
562 2769 574 2781 1
594 2763 671 2792 Luc.
686 2763 775 2793 xviii.
793 2771 825 2800 9,
845 2764 903 2793 &a
