1799 3077
272 137 328 177 58
714 132 1217 175 PROTESTATIO

268 247 521 305 propitiabili
560 247 792 298 dubitatur,
830 261 883 288 an
922 245 1032 287 idem
1072 245 1124 287 sit
1161 244 1228 286 hic
1268 245 1382 301 quod
1398 244 1657 301 ,propitiato-

269 317 376 357 rium
398 324 439 357 et
465 315 755 372 expiatorium,
777 329 830 356 an
857 314 973 370 quod
1004 322 1140 370 potest
1168 313 1286 355 reddi
1317 312 1559 369 propitium,
1579 313 1658 355 hoc

268 393 343 435 cst,
384 393 527 425 utrum
566 382 697 424 active
735 397 788 423 an
827 381 988 438 passive
1027 381 1225 438 capiatur.
1287 380 1464 422 Falsitas
1503 389 1657 432 autem,

268 453 309 494 in
337 467 460 494 sensu
489 466 614 507 quem
634 451 762 492 verba
789 465 877 506 prae
908 465 949 491 se
978 449 1086 491 ferre
1106 449 1314 499 videntur,
1337 448 1426 490 haec
1455 457 1531 500 est,
1552 464 1658 505 quo-

268 521 378 562 niam
398 519 457 561 illi
477 535 552 561 suo
571 518 703 560 innixi
722 517 1190 560 transsubstantiationis
1209 517 1482 558 fundamento
1495 526 1660 574 ponunt

268 589 412 630 vivum
432 597 473 629 et
492 587 720 629 animatum
741 601 892 643 corpus
920 586 1053 627 carnis
1075 585 1230 627 Christi
1260 584 1425 626 unitum
1456 585 1661 627 divinitati

268 657 504 699 delitescere
525 657 603 698 sub
622 654 903 697 accidentibus
931 655 1049 711 panis
1078 663 1120 695 et
1139 653 1238 704 vini,
1259 653 1374 709 quod
1404 662 1466 694 est
1493 653 1659 704 falsum,

270 725 331 767 uti
365 741 492 782 supra
520 725 680 766 dictum
710 732 786 774 est,
818 731 859 764 et
890 731 1221 780 superstruentes
1251 736 1375 777 super
1404 721 1482 762 hoc
1512 721 1662 763 funda-

269 801 471 844 mentum,
494 792 640 834 dicunt
659 792 783 833 etiam
803 790 909 832 illud
930 806 1082 848 corpus
1108 790 1246 832 offerri
1274 790 1367 830 Deo
1397 803 1423 829 a
1452 789 1660 831 sacerdote

269 862 312 902 in
340 861 423 902 suis
453 860 705 917 quotidianis
736 858 892 909 Missis,
914 859 967 900 ad
998 858 1253 914 expiandum
1283 866 1451 913 peccata
1470 857 1657 898 vivorum

270 938 311 971 et
340 938 615 971 mortuorum.
677 930 788 970 Cum
819 943 870 968 ex
905 927 1044 983 Epist.
1075 926 1130 967 ad
1164 925 1318 967 Hebr.a
1349 934 1464 981 patet
1497 924 1660 966 unicam

271 1013 357 1039 esse
385 996 650 1047 oblationem,
680 1006 721 1037 et
752 995 920 1037 unicum
948 1010 1043 1036 vere
1065 994 1275 1035 vivificum
1307 993 1550 1034 sacrificium
1581 994 1663 1034 Ec-

271 1066 403 1108 clesiae
423 1065 609 1107 oblatum
636 1064 678 1105 in
709 1079 781 1106 ara
809 1063 955 1113 crucis,
977 1063 1091 1120 quod
1122 1062 1217 1113 fuit,
1239 1071 1314 1112 est,
1336 1070 1376 1103 et
1407 1061 1484 1103 erit
1513 1061 1663 1118 imper-

271 1144 447 1192 petuum
467 1133 705 1190 propitiatio
725 1148 802 1189 pro
821 1131 999 1189 peccatis
1027 1131 1154 1173 totius
1182 1129 1354 1177 mundi3
1398 1130 1470 1172 ubi
1500 1139 1561 1171 est
1590 1130 1664 1171 ho-

272 1217 367 1243 rum
387 1201 584 1251 remissio,
606 1201 663 1243 ibi
684 1216 766 1242 non
794 1210 856 1241 est
885 1199 1063 1256 amplius
1086 1198 1242 1255 (inquit
1271 1197 1358 1254 ille)
1381 1213 1459 1254 pro
1487 1198 1664 1254 peccatis

273 1269 437 1312 oblatio.

546 1395 866 1423 RESPONSIONIS
900 1395 1027 1422 DATAE
1061 1393 1394 1421 CONFIRMATIO.

331 1473 358 1514 i.
390 1472 478 1514 Ubi
509 1487 592 1512 non
624 1480 686 1512 est
717 1470 905 1512 sacerdos
934 1469 1108 1510 idoneus
1139 1469 1193 1510 ad
1225 1468 1484 1510 offerendum
1517 1468 1666 1509 sacrifi-

273 1541 384 1582 cium
417 1538 693 1597 propitiabile,
725 1538 782 1580 ibi
815 1538 896 1580 tale
932 1537 1176 1579 sacrificium
1211 1537 1348 1578 offerri
1383 1552 1466 1578 non
1503 1545 1663 1593 potest3

275 1609 347 1650 sed
368 1608 508 1649 nullus
534 1616 595 1649 est
625 1607 798 1648 idoneus
829 1606 1017 1648 sacerdos
1046 1615 1198 1663 praeter
1228 1605 1396 1646 unicum
1419 1605 1632 1646 Christum
1653 1622 1664 1656 ;

275 1692 375 1733 ergo
409 1675 490 1717 tale
524 1674 766 1716 sacrificium
802 1674 845 1715 in
879 1673 1132 1730 quotidianis
1165 1673 1298 1715 missis
1328 1689 1353 1714 a
1387 1673 1668 1715 sacerdotibus

276 1744 414 1786 offerri
448 1759 529 1785 non
566 1752 714 1799 potest.
781 1743 992 1784 Probatur
1027 1742 1187 1783 minor:
1234 1742 1428 1784 Officium
1469 1742 1667 1782 offerendi

276 1812 445 1869 grandis
479 1821 540 1853 est
571 1811 716 1861 honos,
749 1810 821 1852 sed
852 1825 974 1851 nemo
1003 1810 1127 1851 debet
1157 1825 1317 1851 sumere
1347 1809 1424 1850 sibi
1453 1809 1666 1859 honorem,

277 1881 353 1922 nisi
374 1880 446 1936 qui
469 1888 639 1921 vocatur
659 1895 684 1920 a
704 1880 822 1927 Deo;
856 1894 977 1920 nemo
999 1887 1140 1920 autem
1167 1878 1250 1919 huc
1269 1887 1439 1919 vocatus
1469 1888 1543 1928 est,
1564 1893 1669 1934 prae-

278 1959 339 1990 ter
371 1964 500 1990 unum
533 1947 747 1990 Christum
777 1956 1052 2000 servatorem3
1093 1963 1192 2004 ergo
1226 1962 1347 1988 nemo
1380 1946 1485 1987 illud
1519 1955 1670 2003 praeter

278 2033 410 2058 unum
434 2017 648 2059 Christum
668 2017 816 2058 offerre
841 2025 988 2073 potest.
1051 2016 1176 2066 Quod
1206 2029 1327 2056 nemo
1356 2022 1507 2072 praeter
1536 2030 1667 2056 unum

278 2086 494 2128 Christum
514 2086 568 2127 ad
587 2086 699 2126 hunc
720 2085 887 2127 honoris
910 2084 1089 2141 gradum
1111 2093 1281 2126 vocatus
1311 2083 1377 2134 sit,
1400 2082 1495 2123 hinc
1524 2091 1666 2139 patet;

277 2154 434 2211 duplex
456 2163 517 2195 est
550 2162 713 2201 tantum
743 2153 847 2194 ordo
877 2152 1091 2194 sacerdotii
1121 2153 1322 2208 probatus
1351 2151 1392 2192 in
1414 2151 1541 2191 verbo
1572 2150 1669 2201 Dei,

278 2222 506 2264 secundum
528 2223 674 2263 Aaron
696 2221 900 2271 videlicet,
923 2230 964 2262 ct
985 2220 1214 2262 secundum
1235 2220 1422 2261 ordinem
1451 2218 1670 2259 Melchise-

278 2290 393 2332 decb.
455 2290 617 2331 Unicus
646 2298 708 2331 est
738 2298 902 2331 tantum
932 2289 1120 2331 sacerdos
1142 2289 1336 2330 Christus
1365 2288 1587 2337 Dominus,
1610 2303 1670 2328 sa-

278 2358 508 2399 cerdotium
528 2357 685 2399 habens
704 2359 964 2414 ἀπαράβατον.

335 2427 377 2468 ii.
410 2427 544 2482 Cujus
577 2426 693 2467 nulla
731 2435 792 2467 est
831 2425 1048 2466 necessitas
1088 2434 1135 2465 ut
1174 2425 1261 2475 fiat,
1282 2423 1438 2465 frustra
1476 2423 1551 2471 fit;
1599 2424 1670 2465 sed

280 2493 394 2534 nulla
413 2502 474 2534 est
493 2494 710 2535 necessitas
729 2493 927 2534 offerendi
952 2492 1131 2549 amplius
1159 2491 1402 2533 sacrificium
1432 2490 1672 2548 propitiato-

280 2562 388 2602 rium
407 2577 483 2617 pro
504 2562 607 2603 vivis
628 2570 668 2603 et
690 2561 891 2609 moi-tuis3
925 2576 1020 2602 nam
1043 2561 1086 2601 id
1109 2559 1301 2602 Christus
1324 2562 1517 2601 Servator
1536 2569 1673 2600 noster

282 2631 406 2672 semel
427 2631 593 2672 abunde
614 2633 786 2688 perfecit
806 2641 845 2673 et
867 2631 1050 2688 explevit
1065 2648 1077 2685 3
1109 2646 1209 2687 crgo
1230 2630 1262 2671 si
1283 2630 1325 2671 in
1354 2629 1485 2671 Missa
1513 2628 1554 2670 id
1587 2630 1672 2679 fiat,

286 2699 442 2741 frustra
460 2699 520 2740 fit.

456 2790 468 2802 ²¹
485 2783 561 2822 Cap.
576 2783 630 2812 vii.
1110 2783 1124 2802 b
1140 2783 1222 2813 Heb.
1240 2783 1294 2812 vii.
1317 2791 1365 2819 24.
