1799 3077
284 190 368 232 ‚⁶372
813 188 1150 229 PEARSONII

86 313 264 350 AEraevulg.
285 302 484 358 impostor
511 301 681 358 quidam
712 301 885 342 salutem
913 301 1101 357 promisit
1127 300 1334 351 omnibus,
1357 300 1430 356 qui
1456 301 1591 357 ipsum
1620 316 1678 341 se-

131 356 215 383 ¹¹X¹'
286 370 358 425 qui
387 369 537 410 vellent
567 369 609 409 in
641 371 890 415 Desertum3
925 369 1076 409 Festus
1105 377 1243 409 autem
1276 367 1523 409 militaribus
1552 368 1678 424 copiis

110 441 242 469 Neronis
285 453 353 478 eos
373 452 514 478 omnes
533 437 748 493 oppressit.
790 438 878 477 Jos.
901 451 970 476 xx.
995 438 1032 479 7.

162 491 189 523 7'
344 505 516 546 Interim
540 504 733 560 Agrippa
753 503 929 544 aedificat
949 503 1120 544 domum
1141 503 1261 544 valde
1281 503 1460 560 amplam
1481 504 1521 544 in
1545 504 1678 560 Regia

286 589 416 630 prope
440 572 660 630 porticum,
684 571 795 612 unde
822 571 1034 628 perspexit
1059 587 1154 628 quae
1185 571 1292 613 circa
1313 573 1540 629 Templum
1570 573 1680 614 facta

287 651 397 682 sunt.

159 716 190 747 8.
345 709 413 750 Ob
443 709 520 750 hoc
551 709 759 750 Primores
790 708 1159 765 Hierosolymitani
1194 717 1415 750 erexerunt
1448 708 1578 750 altum
1608 725 1680 765 pa-

286 777 444 828 rietem,
467 778 539 833 qui
568 793 648 818 non
679 786 840 818 tantum
862 777 986 833 Regii
1013 777 1192 831 triclinii,
1215 777 1287 818 sed
1308 777 1430 819 etiam
1451 778 1681 819 occidenta-

286 845 335 886 lis
363 845 553 887 Porticus
576 845 669 898 (ubi
699 845 879 886 Romani
908 845 1022 886 festis
1052 845 1199 887 diebus
1229 846 1423 887 stationes
1450 846 1677 901 habebant)

285 922 548 970 prospectum
578 913 756 954 arcebat.
818 915 914 954 Hoc
942 929 1052 969 aegre
1078 913 1237 954 ferebat
1257 913 1453 969 Agrippa
1477 924 1517 954 et
1537 914 1680 970 praeci-

286 996 369 1037 pue
390 982 554 1031 Festus,
576 981 650 1037 qui
670 981 888 1037 imperavit
908 982 937 1022 J
942 980 1085 1031 udaeis,
1108 991 1156 1022 ut
1175 981 1373 1037 parietem
1394 981 1620 1023 diruerent.

343 1050 373 1090 J
377 1049 486 1090 udaei
512 1061 651 1090 autem
678 1050 855 1090 {Ji-Festo
884 1049 1176 1105 impetrabant,
1198 1058 1245 1090 ut
1272 1048 1396 1105 legati
1421 1049 1473 1090 de
1494 1065 1541 1090 ea
1561 1066 1604 1090 re
1625 1050 1677 1091 ad

287 1118 495 1158 Neronem
516 1116 791 1157 mitterentur.

122 1192 224 1220 LXII·
345 1186 441 1226 Hoc
461 1200 569 1226 anno
590 1184 758 1225 ineunte
773 1185 925 1240 Legati
938 1200 977 1225 x.
1000 1185 1201 1241 primores
1221 1199 1316 1225 cum
1333 1184 1535 1227 Pontifice
1554 1186 1679 1228 Isma-

107 1278 241 1306 Neronis
285 1253 360 1303 ele,
382 1262 422 1294 et
444 1252 612 1294 Chelcia
632 1252 764 1292 aerarii
785 1252 955 1293 custode
975 1253 1028 1293 ad
1051 1254 1351 1309 Imperatorem
1372 1252 1609 1294 mittuntur.

156 1320 187 1351 8.
280 1322 287 1324 ”
344 1320 519 1361 Interim
547 1321 661 1360 Nero
688 1334 796 1360 anno
817 1334 915 1360 VIII.
940 1320 1111 1376 Imperii
1141 1319 1204 1360 sui
1230 1320 1425 1361 exturbat
1447 1321 1677 1372 Octaviam,

283 1399 324 1431 et
351 1391 577 1445 Poppaeam
608 1403 779 1429 uxorem
812 1388 942 1438 ducit,
975 1390 1111 1429 Tacit.
1134 1388 1215 1429 xiv.
1240 1387 1306 1429 60.
1341 1390 1466 1429 12mo
1494 1389 1558 1430 die
1583 1400 1678 1446 post

283 1457 505 1498 divortium
530 1456 726 1497 Octaviae.
769 1457 939 1498 Sueton.
962 1472 994 1496 c.
1018 1458 1085 1497 35.

342 1525 491 1581 Legati
512 1526 542 1564 J
548 1525 763 1565 udaeorum
785 1525 963 1564 Romam
985 1524 1172 1575 veniunt,
1189 1523 1322 1579 iisque
1344 1525 1458 1564 Nero
1477 1524 1677 1580 permisit,

284 1603 332 1635 ut
351 1593 485 1650 paries
505 1601 644 1643 staret,
668 1594 864 1648 Poppaeae
884 1592 970 1648 jam
1001 1592 1120 1632 uxori
1149 1607 1234 1633 suae
1261 1592 1526 1648 gratificatus.
1587 1594 1676 1634 Jos.

286 1677 354 1702 xx.
379 1663 419 1704 7.

343 1731 527 1786 Poppaea
556 1744 603 1770 x.
636 1729 844 1770 Primores
872 1729 1005 1770 redire
1032 1729 1229 1786 permisit.
1293 1729 1508 1770 Ismaelem
1537 1739 1676 1771 autem

285 1806 325 1838 et
343 1797 550 1838 Chelciam
573 1797 734 1838 obsides
755 1797 943 1838 detinuit.

343 1865 466 1915 Quod
493 1865 801 1920 quamprimum
831 1864 1031 1906 intellexit
1053 1865 1262 1921 Agrippa,
1285 1865 1374 1906 loco
1397 1866 1582 1907 Ismaelis
1602 1867 1678 1908 Jo-

285 1933 457 1989 sephum
481 1932 584 1973 Cabi
606 1933 817 1973 constituit
840 1933 1095 1974 Pontificem.
1146 1935 1233 1974 Jos.
1255 1935 1353 1974 ibid.

343 2002 493 2041 Festus
520 2000 695 2041 moritur
720 2000 762 2040 in
789 2000 1013 2057 provincia,
1037 2017 1174 2042 mense
1195 2001 1348 2057 Aprili,
1372 2001 1567 2059 Agrippa
1586 2002 1676 2043 loco

285 2070 313 2109 J
317 2068 458 2124 osephi
481 2070 681 2109 Ananum
704 2069 948 2109 Pontificem
971 2079 1092 2110 creat.

342 2138 468 2177 Festo
490 2152 695 2177 successor
715 2136 837 2177 datus
858 2147 918 2178 est
940 2137 1123 2178 Albinus
1143 2152 1167 2178 a
1188 2139 1368 2179 Nerone.

342 2205 515 2245 Interim
544 2207 723 2245 Ananus
751 2205 984 2246 Concilium
1011 2207 1040 2246 J
1045 2205 1214 2246 udicum
1241 2206 1468 2257 constituit,
1491 2215 1531 2247 et
1552 2208 1675 2247 Jaco-

283 2272 383 2313 bum
413 2273 581 2314 fratrem
611 2275 640 2313 J
644 2289 716 2314 esu
746 2272 916 2324 Christi,
947 2273 1143 2330 aliosque,
1170 2274 1288 2330 quasi
1318 2274 1539 2330 impietatis
1568 2290 1672 2324 reos,

283 2340 526 2397 lapidandos
545 2341 683 2382 tradit.

341 2410 535 2466 Agrippa
555 2409 697 2450 Anani
716 2409 806 2451 loco
827 2410 1041 2451 substituit
1061 2412 1087 2453 J
1091 2427 1205 2452 esum
1228 2411 1431 2453 Damnaei.

342 2478 467 2518 Tunc
503 2477 686 2519 Albinus
721 2478 834 2519 venit
868 2478 1161 2535 Hierosolyma
1199 2479 1276 2521 sub
1316 2479 1433 2520 initio
1472 2479 1670 2534 Augusti,

284 2553 377 2600 post
403 2554 484 2586 tres
511 2560 669 2586 menses
696 2561 720 2585 a
744 2555 876 2587 morte
904 2546 1018 2587 Festi
1042 2546 1214 2602 (quibus
1238 2549 1416 2588 Ananus
1447 2546 1672 2587 sacerdotio

284 2611 452 2652 functus
481 2615 560 2667 est)
589 2622 630 2653 et
660 2612 797 2653 statim
826 2628 989 2654 omnem
1021 2629 1161 2654 curam
1193 2614 1399 2664 adhibuit,
1429 2622 1476 2654 ut
1506 2623 1670 2669 pacaret

283 2679 550 2735 provinciam,
573 2680 796 2721 interfectis
815 2681 955 2721 multis
976 2681 1137 2723 sicariis.
1179 2684 1267 2724 Jos.
1290 2698 1358 2723 xx.
1382 2685 1419 2723 8.

341 2745 497 2786 Adfuit
517 2746 583 2787 ille
604 2747 786 2788 Albinus
807 2749 933 2789 Festo
955 2749 1233 2806 Scenopegiae,
1251 2766 1336 2806 quo
1353 2749 1529 2791 scribam
1552 2747 1671 2788 Elea-

285 2813 364 2853 zari
388 2813 526 2853 vivum
548 2824 746 2868 ceperunt
767 2814 908 2856 sicarii.
