1799 3077
273 119 357 158 320
600 116 832 158 NOELLI
869 114 1336 156 CATECHISMUS.

331 232 398 273 M.
430 231 601 271 Duasne
631 229 753 272 etiam
784 229 826 269 in
857 229 935 270 hoc
971 229 1249 278 Sacramento,
1282 236 1330 268 ut
1359 226 1400 267 in
1436 227 1663 283 Baptismo,

273 308 411 355 partes
430 313 516 339 esse
536 297 668 339 dicis?

330 369 387 409 A.
421 368 499 408 Ita.
561 367 717 407 Panem
746 378 909 419 nempe,
932 363 997 404 fet
1026 363 1184 413 vinum,
1216 372 1388 403 externa
1417 361 1547 418 signa,
1570 378 1666 418 quae

272 436 402 487 oculis
422 443 662 484 cernuntur,
684 440 955 474 attrectantur
973 431 1178 481 manibus,
1200 439 1328 487 gustu
1350 429 1662 486 percipiuntur3

273 512 315 545 et
335 512 354 542 g
369 502 582 545 Christum
603 501 756 557 ipsum,
774 515 858 555 quo
873 498 1020 540 animae
1037 506 1203 548 nostrae,
1221 508 1268 538 ut
1288 497 1457 554 proprio
1472 488 1667 539 alimento

272 570 444 612 interius
464 569 722 611 nutriuntur.

332 641 395 680 M.
429 640 488 679 Et
517 652 659 679 omnes
687 650 884 693 peraeque
905 644 1082 690 utraque
1104 633 1357 675 Sacramenti
1377 642 1495 690 parte
1514 633 1576 674 uti
1597 634 1667 675 de-

273 707 370 748 bere
390 706 520 747 dicis?

330 777 385 816 A.
431 776 570 824 Certe,
607 774 870 828 Praeceptor;
915 786 1010 812 nam
1046 785 1141 811 cum
1180 769 1389 810 Dominus
1424 769 1483 810 ita
1515 769 1665 810 diserte

272 845 294 873 h
308 842 564 901 praeceperit,
585 841 638 883 de
658 841 748 897 ejus
768 840 965 881 mandato
986 839 1071 880 ulla
1099 854 1149 880 ex
1179 847 1296 895 parte
1327 837 1526 894 derogare
1556 853 1666 879 sum-

271 926 387 952 mum
409 921 513 952 esset
532 909 658 950 nefas.

331 981 395 1020 M.
429 981 518 1020 Cur
539 978 624 1019 duo
645 977 762 1034 signa
781 975 969 1018 adhiberi
988 975 1055 1016 hic
1076 974 1284 1016 Dominus
1304 974 1465 1015 voluit?

333 1050 389 1089 A.
422 1046 625 1096 Primum,
648 1061 733 1101 quo
764 1045 908 1086 mortis
943 1060 1042 1093 suae,
1076 1058 1202 1099 quam
1232 1043 1366 1083 lacero
1396 1057 1580 1098 corpore,
1603 1041 1665 1084 iet

275 1116 460 1172 perfosso
489 1115 629 1165 latere,
660 1130 707 1156 ac
738 1123 825 1155 toto
858 1112 1056 1169 sanguine
1091 1112 1221 1153 effuso
1252 1127 1470 1168 perpessus
1500 1120 1574 1161 est,
1598 1127 1667 1152 ex-

275 1183 452 1240 pressior
472 1193 577 1224 esset
597 1183 759 1239 imag0;
793 1190 834 1222 et
861 1191 909 1222 ut
939 1181 1029 1236 ejus
1058 1180 1256 1221 memoria
1276 1179 1421 1220 animis
1440 1179 1588 1221 nostris
1607 1179 1668 1220 in-

275 1252 372 1302 fixa,
394 1251 518 1292 altius
548 1252 737 1300 haereret,
765 1250 997 1305 utriusque,
1029 1248 1210 1305 corporis
1240 1247 1393 1304 pariter
1422 1257 1548 1304 atque
1579 1262 1668 1288 san-

275 1319 412 1375 guinis
444 1319 609 1375 signum
642 1317 862 1374 separatim
896 1316 1098 1358 exhibuit.
1158 1316 1337 1366 Deinde,
1364 1325 1410 1357 ut
1439 1314 1668 1356 infirmitati

276 1396 426 1428 nostrae
452 1387 683 1428 consuleret
704 1386 924 1436 Dominus,
947 1394 1072 1441 atque
1099 1384 1347 1434 mederetur,
1369 1384 1667 1439 manifesteque

276 1455 516 1505 declararet,
536 1454 557 1483 k
572 1455 692 1496 sicuti
718 1454 836 1511 panis
855 1454 908 1495 ad
929 1468 1102 1509 corpora
1122 1452 1355 1503 nutrienda,
1378 1452 1436 1493 ita
1455 1460 1496 1493 et
1516 1467 1666 1508 corpus

274 1540 396 1565 suum
417 1524 469 1564 ad
490 1523 646 1564 animas
666 1532 824 1564 nostras
847 1521 1112 1579 spiritualiter
1133 1520 1312 1571 alendas,
1333 1520 1417 1561 vim
1438 1528 1564 1576 atque
1583 1519 1667 1560 effi-

273 1593 485 1634 cacitatem
522 1607 724 1633 summam
756 1592 933 1639 habere3
968 1599 1009 1632 et
1040 1589 1145 1631 sicut
1171 1589 1267 1630 vino
1297 1589 1511 1630 hominum
1542 1588 1668 1629 corda

274 1661 571 1710 exhilarantur,
594 1669 636 1701 et
665 1660 913 1701 roborantur
943 1658 1062 1708 vires,
1084 1657 1143 1698 ita
1172 1656 1372 1713 sanguine
1405 1672 1479 1697 suo
1510 1656 1667 1698 animas

274 1739 432 1770 nostras
466 1728 576 1770 refici
607 1739 733 1784 atque
762 1727 960 1775 recreari;
995 1736 1042 1768 ut
1072 1742 1155 1767 non
1176 1725 1338 1767 loibum
1362 1725 1487 1766 modo
1517 1741 1572 1775 se,
1595 1726 1666 1766 sed

273 1808 314 1839 et
344 1807 490 1854 potum
525 1797 648 1838 etiam
683 1806 871 1838 nostrum
901 1811 1001 1846 esse,
1031 1804 1143 1836 certo
1174 1803 1412 1844 statuentes,
1444 1809 1665 1850 nusquam,

274 1865 350 1906 nisi
381 1866 423 1906 in
456 1865 546 1921 ipso
583 1865 668 1906 solo
705 1863 948 1905 nutrimenti
984 1862 1219 1919 spiritualis,
1251 1852 1377 1918 atque
1407 1862 1666 1918 sempiternae

274 1933 369 1975 vitae
391 1942 551 1989 partem
572 1932 699 1974 ullam
720 1947 967 1989 quaeramus.

332 2004 395 2043 M.
430 2002 732 2043 Beneficiorum
763 2016 875 2057 ergo,
907 2016 1002 2057 quae
1037 1999 1378 2048 commemorasti,
1415 2014 1498 2040 non
1529 1999 1667 2055 imago

273 2079 450 2121 tantum,
474 2071 544 2111 sed
566 2080 607 2111 et
625 2070 714 2126 ipsa
734 2069 884 2110 veritas
904 2068 946 2109 in
969 2070 1101 2110 Coena
1121 2067 1373 2108 exhibetur?

330 2140 386 2179 A.
419 2137 533 2188 Quid
553 2137 626 2178 ni?
660 2139 801 2187 Quum
824 2137 932 2178 enim
955 2135 1147 2178 Christus
1167 2135 1255 2191 ipsa
1276 2134 1328 2175 sit
1349 2142 1383 2163 ¹1¹
1398 2134 1561 2184 veritas,
1583 2150 1666 2175 non

273 2207 450 2248 dubium
476 2215 551 2257 est,
574 2206 677 2262 quin
697 2205 811 2261 quod
840 2205 975 2246 verbis
1005 2212 1194 2253 testatur,
1218 2211 1259 2243 et
1289 2201 1414 2257 signis
1444 2217 1666 2258 repraesen-

274 2281 347 2324 tat,
378 2273 422 2314 id
452 2288 595 2314 revera
624 2272 746 2314 etiam
777 2279 960 2329 praestet,
993 2280 1034 2313 et
1067 2270 1186 2312 nobis
1216 2269 1434 2317 exhibeat;
1468 2269 1666 2325 quodque

275 2341 351 2382 sibi
371 2341 543 2382 fidentes
565 2350 586 2369 ¹¹
601 2350 686 2381 tam
715 2349 827 2382 certo
847 2339 970 2381 faciat
995 2338 1175 2395 corporis
1206 2347 1332 2394 atque
1363 2335 1573 2392 sanguinis
1603 2334 1667 2375 sui

274 2408 506 2463 participes,
529 2423 654 2464 quam
675 2417 787 2449 certo
809 2423 850 2449 se
874 2422 1024 2463 panem
1052 2415 1178 2461 atque
1198 2405 1342 2446 vinum
1363 2419 1433 2445 ore
1455 2412 1496 2444 et
1515 2401 1667 2444 ventri-

275 2475 368 2516 culo
388 2475 585 2531 recepisse
606 2476 751 2517 sciunt.

322 2595 333 2613 s
351 2597 431 2627 Mat.
449 2598 535 2628 xxvi.
550 2598 602 2636 26,
622 2605 676 2638 27,
696 2608 746 2638 29.
785 2599 863 2628 Luc.
880 2598 961 2628 xxii.
982 2607 1030 2638 19.
1067 2607 1077 2627 ι
1100 2598 1173 2627 Cor.
1190 2597 1234 2626 xi.
1258 2606 1309 2635 23,
1329 2603 1382 2633 24,
1403 2602 1455 2634 25,
1473 2593 1526 2630 26,
1545 2599 1597 2632 27,
1617 2591 1667 2622 28·

277 2655 290 2673 Ε
305 2649 401 2679 doaz).
419 2649 460 2679 vi.
477 2658 532 2689 35,
549 2651 604 2688 48,
621 2659 675 2691 50,
693 2660 748 2690 51,
766 2659 821 2690 53,
838 2652 897 2682 διο.
1094 2650 1108 2670 ¹¹
1127 2651 1208 2680 Mat.
1226 2649 1314 2679 xxvi.
1333 2655 1383 2688 27.
1409 2648 1510 2678 Marc.
1530 2646 1594 2676 xiv.
1616 2655 1666 2683 23.

281 2703 394 2733 iJoan.
413 2704 477 2733 xix.
494 2713 546 2741 34.
666 2706 678 2723 ’κ
699 2705 796 2735 doun.
813 2706 854 2735 vi.
873 2714 927 2744 50,
946 2712 1000 2744 55,
1020 2703 1071 2743 56.
1202 2703 1207 2723 ¹
1224 2703 1322 2733 Joan.
1340 2703 1382 2732 vi.
1396 2709 1451 2741 35,
1469 2708 1522 2739 532
1538 2709 1592 2739 54,
1611 2708 1664 2738 5⁵,

280 2758 336 2787 &a
437 2764 457 2776 ¹¹¹
476 2758 569 2788 Joan.
586 2758 607 2788 i.
630 2767 676 2798 17.
703 2759 765 2789 xiv.
784 2759 813 2788 6.
918 2765 931 2778 ¹¹
948 2759 1044 2788 donn.
1062 2758 1103 2788 vi.
1124 2766 1177 2796 54,
1196 2756 1249 2796 56,
1268 2756 1320 2793 64.
