1799 3077
287 130 371 171 274
618 129 852 170 NOELLI
887 130 1353 171 CATECHISMUS.

232 238 244 246 ⁸*
287 253 361 284 aut
391 251 576 299 tempore
603 244 839 289 astrictum;
874 243 968 284 tsed
990 242 1190 293 fidelium,
1212 243 1285 298 qui
1305 243 1358 284 ab
1378 244 1477 284 orbe
1496 244 1676 295 condito,

288 311 480 352 omnibus
500 311 612 361 locis,
633 319 759 366 atque
787 310 944 351 saeculis
965 310 1173 360 vixerunt,
1195 310 1428 366 victurique
1457 323 1567 361 sunt,
1590 314 1680 353 uni-

289 379 521 421 versitatem
543 378 723 420 continet
750 387 875 433 atque
901 378 1212 434 complectitur;
1247 387 1294 419 ut
1314 393 1445 419 unum
1467 379 1519 420 sit
1539 380 1682 421 Eccle-

290 447 359 489 siae
379 463 542 503 corpus,
564 447 718 487 usicuti
748 461 858 486 unus
888 455 949 486 est
977 446 1183 497 Christus,
1207 446 1375 488 unicum
1406 448 1587 503 corporis
1616 463 1681 489 ca-

290 526 379 573 put.
428 518 538 557 Cum
559 516 667 556 enim
688 516 717 555 J
723 514 831 555 udaei
852 514 1080 555 Ecclesiam
1102 514 1199 565 Dei,
1217 524 1265 555 ut
1285 515 1443 571 populo
1465 531 1540 556 suo
1560 532 1683 572 pecu-

291 585 447 635 liarem,
469 593 509 625 et
531 584 648 639 quasi
677 582 923 639 gentilitiam
954 581 1030 623 sibi
1051 591 1319 633 assumerent,
1342 593 1382 624 et
1402 584 1680 636 vendicarent,

293 662 331 693 et
355 667 470 693 suam
492 660 656 692 tantum
678 666 763 691 esse
783 650 1098 698 confirmarent3
1134 649 1370 692 Christiana
1388 651 1490 692 fides
1519 653 1685 708 profite-

295 730 363 761 tur
391 719 633 775 xingentem
666 718 830 775 piorum
859 717 1075 758 hominum
1105 733 1327 758 numerum
1356 718 1684 760 multitudinem-

293 803 375 843 que
404 787 621 837 infinitam,
657 802 707 827 ex
740 786 933 827 omnibus
968 795 1170 826 terrarum
1205 785 1316 826 orbis
1350 786 1600 842 regionibus,
1632 803 1683 828 ex

294 856 486 896 omnibus
506 854 688 896 omnium
712 854 869 910 ubique
885 853 1071 910 gentium
1092 853 1295 910 partibus,
1318 855 1592 911 aetatibusque
1614 871 1686 897 sae-

295 923 497 973 culorum,
516 922 617 964 sacri
639 922 767 972 verbi,
784 922 978 977 vocisque
999 937 1084 963 suae
1107 922 1146 962 vi
1168 930 1209 962 et
1228 931 1444 978 potestate,
1461 932 1586 979 atque
1606 940 1686 965 coe-

295 992 405 1032 lestis
428 991 606 1048 Spiritus
628 991 766 1032 divino
790 991 985 1031 instinctu
1006 990 1232 1040 collectam,
1253 990 1295 1030 in
1316 990 1422 1031 hanc
1442 991 1684 1043 Ecclesiam,

296 1060 414 1116 quasi
434 1059 639 1101 civitatem
662 1074 792 1109 suam,
810 1075 834 1100 a
854 1060 948 1100 Deo
968 1057 1185 1114 ascriptam
1206 1073 1317 1105 esse3
1350 1057 1422 1113 qui
1442 1073 1583 1100 omnes
1605 1075 1688 1101 una

296 1137 426 1169 yvera
459 1127 578 1177 Fide,
611 1142 694 1167 una
725 1136 876 1177 mente,
906 1141 1085 1181 voceque
1115 1126 1426 1175 consentientes,
1459 1127 1580 1169 unico
1613 1143 1687 1169 suo

297 1196 383 1253 regi
407 1196 586 1246 Christo,
605 1205 653 1236 ut
673 1196 856 1236 membra
878 1203 895 1222 z
909 1193 1046 1250 capiti,
1067 1209 1141 1250 per
1161 1195 1298 1235 omnia
1317 1204 1499 1250 pareant.

355 1265 419 1304 M.
452 1265 525 1304 An
556 1279 654 1319 ergo
684 1272 792 1304 recte
814 1262 1014 1319 quosdam
1042 1262 1139 1303 huic
1162 1262 1409 1304 Christianae
1431 1263 1550 1304 Fidei
1580 1264 1688 1320 parti

297 1331 524 1387 adjungere
544 1331 764 1382 existimas,
787 1347 828 1372 se
858 1331 1023 1372 credere
1053 1340 1234 1372 sanctam
1257 1331 1512 1372 Catholicam
1535 1332 1689 1373 Roma-

299 1414 393 1440 nam
411 1399 639 1440 Ecclesiam
654 1401 670 1438 ?

355 1469 411 1508 A.
449 1469 536 1508 Eos
567 1483 649 1508 non
683 1467 815 1508 solum
846 1467 1024 1508 alienum
1056 1468 1153 1509 huic
1183 1467 1272 1508 loco
1302 1483 1464 1509 sensum
1496 1469 1690 1525 affingere

298 1535 488 1585 arbitror,
511 1536 612 1576 dum
644 1534 805 1575 nullum
837 1535 880 1575 in
910 1535 1096 1576 Ecclesia
1117 1535 1273 1577 Christi
1304 1535 1381 1576 nisi
1407 1536 1479 1591 qui
1510 1538 1690 1579 Romani

299 1604 502 1659 pontificis
526 1603 690 1645 decreta
719 1603 935 1659 edictaque
965 1604 1102 1645 omnia
1133 1613 1386 1645 sacrosancta
1415 1604 1578 1654 habeat,
1600 1622 1692 1647 cen-

301 1671 379 1712 seri
422 1672 572 1719 velint;
621 1686 766 1712 verum
806 1672 944 1722 etiam,
986 1672 1088 1712 dum
1129 1672 1437 1713 universitatem
1480 1674 1689 1726 Ecclesiae,

301 1754 428 1794 quam
453 1738 532 1795 ipsi
563 1738 719 1794 ubique
749 1747 950 1779 terrarum
982 1749 1023 1780 et
1052 1739 1240 1795 gentium
1270 1739 1391 1795 longe
1420 1739 1584 1796 lateque
1614 1741 1692 1782 dif-

303 1806 439 1847 fusam
469 1821 554 1847 esse
583 1805 765 1862 primum
795 1806 1057 1856 confitentur,
1078 1815 1220 1862 postea
1250 1806 1415 1847 nomine
1442 1808 1566 1848 unius
1594 1823 1692 1863 gen-

305 1874 356 1915 tis
385 1874 587 1931 apposito,
619 1874 882 1925 contrahunt,
914 1884 955 1914 et
986 1873 1028 1914 in
1060 1882 1284 1929 angustum
1316 1874 1545 1925 adducunt,
1577 1875 1693 1917 haud

304 1942 431 1999 paulo
460 1941 651 1998 amplius,
673 1957 797 1997 quam
821 1943 851 1982 J
855 1941 996 1982 udaeos
1025 1941 1201 1982 insanire
1225 1941 1394 1996 judico;
1428 1951 1476 1982 ut
1496 1943 1567 1998 qui
1597 1959 1692 1984 con-

308 2011 445 2062 traria,
467 2020 507 2052 et
527 2010 634 2051 inter
655 2026 696 2051 se
725 2009 954 2066 pugnantia
974 2025 1058 2050 uno
1079 2009 1225 2066 spiritu
1247 2009 1428 2060 volvant,
1451 2020 1491 2051 et
1510 2026 1694 2067 pronun-

306 2079 425 2119 cient.
487 2080 643 2119 Verum
664 2077 717 2118 ad
747 2077 852 2118 hanc
874 2093 942 2118 eos
964 2077 1161 2118 insaniam
1184 2077 1323 2133 adegit
1344 2092 1454 2119 coeca
1473 2079 1693 2135 cupiditas,

308 2147 576 2202 studiumque
607 2147 844 2187 Romanum
871 2146 1114 2186 Pontificem
1135 2145 1331 2186 Ecclesiae
1360 2146 1401 2186 in
1432 2146 1550 2187 terris
1569 2155 1695 2203 caput

310 2214 351 2253 in
371 2213 509 2255 locum
531 2213 685 2255 Christi
707 2213 966 2270 supponendi
986 2222 1112 2269 atque
1133 2213 1423 2255 substituendi.

369 2283 435 2323 M.
466 2283 496 2322 J
499 2297 565 2323 am
585 2282 629 2322 id
649 2297 700 2322 ex
728 2290 767 2322 te
796 2280 940 2322 audire
962 2280 1097 2332 velim,
1121 2297 1194 2322 cur
1217 2283 1377 2322 Sanctae
1398 2280 1595 2321 Ecclesiae
1616 2282 1695 2322 Ca-

310 2349 472 2390 tholicae
492 2348 629 2390 statim
650 2349 866 2405 adjungas,
885 2363 958 2389 nos
980 2350 1202 2390 CREDERE
1226 2363 1496 2390 SANCTORUM
1519 2363 1695 2389 COMMlJ-

313 2431 419 2458 mon
428 2432 493 2458 EM
508 2420 524 2458 Ρ

370 2488 424 2526 A.
457 2486 566 2536 Quia
595 2486 683 2526 haec
704 2485 790 2526 duo
817 2485 959 2525 eodem
991 2484 1210 2540 pertinent,
1232 2493 1272 2526 et
1295 2493 1390 2526 sunt
1411 2485 1517 2526 inter
1537 2500 1578 2525 se
1598 2494 1696 2542 apta

356 2621 363 2637 ²
389 2619 470 2648 Mat.
487 2619 599 2648 xxviii.
618 2628 665 2658 ¹9·
690 2620 762 2649 Act.
778 2619 812 2649 ii.
831 2626 862 2659 5,
881 2628 912 2659 9.
936 2629 967 2649 x.
984 2627 1039 2657 34,
1056 2627 1108 2658 35.
1137 2629 1147 2648 1
1169 2619 1242 2650 Cor.
1260 2619 1315 2649 xii.
1334 2628 1384 2657 13,
1406 2627 1455 2656 14.
1571 2624 1584 2637 ¹¹
1610 2618 1694 2650 Mat.

313 2670 379 2700 viii.
401 2681 448 2701 11.
474 2672 553 2710 Eph.
570 2672 604 2702 ii.
628 2681 677 2711 13,
699 2681 749 2710 14,
770 2673 826 2703 διε.
851 2673 893 2703 iv.
909 2681 943 2710 4,
961 2679 993 2712 5,
1014 2673 1073 2703 ἃς.
1174 2678 1187 2691 ’⁴
1211 2674 1284 2702 Act.
1299 2672 1321 2702 i.
1336 2672 1367 2702 8.
1391 2672 1423 2701 ii.
1439 2678 1471 2711 5,
1487 2670 1521 2708 8,
1537 2680 1566 2711 9.
1590 2681 1622 2701 x.
1637 2679 1692 2711 35.

314 2725 383 2754 Col.
401 2724 446 2754 iii.
468 2735 517 2758 ιι,
536 2726 593 2755 ἃς.
724 2732 737 2751 y
764 2727 844 2765 Eph.
863 2727 903 2756 iv.
921 2736 952 2760 4,
971 2734 1001 2764 5.
1025 2737 1055 2755 v.
1072 2735 1122 2765 23.
1252 2732 1265 2745 ἰ
1292 2736 1304 2756 1
1325 2726 1398 2756 Cor.
1414 2726 1456 2755 vi.
1477 2732 1524 2763 15.
1551 2725 1631 2763 Eph.
1649 2724 1691 2757 iv.

320 2788 367 2817 ¹5¹
391 2776 434 2807 16.
459 2788 485 2807 v.
505 2787 554 2815 30.
582 2778 650 2808 (jol.
669 2779 688 2807 i.
713 2778 758 2807 18.
