1799 3077
317 161 400 201 180
702 160 931 201 JUELLI
966 159 1303 200 APOLOGIA.

315 272 424 328 cipes
453 271 594 312 fecisse
622 267 784 323 scimus,
810 281 857 312 ut
887 271 985 327 ipsis
1012 281 1085 313 aut
1111 269 1423 320 dormientibus,
1445 279 1518 311 aut
1544 271 1697 311 nefarie

315 339 611 390 resistentibus,
635 339 904 380 Sacerdotum
935 339 1147 380 libidinem
1167 346 1393 388 coerceant,
1415 353 1565 393 eosque
1585 347 1626 378 et
1645 338 1700 378 ad

316 406 495 447 officium
512 406 746 447 faciendum
768 405 952 461 adigant,
969 416 1010 446 et
1028 405 1072 446 in
1092 405 1224 446 officio
1244 404 1501 451 contineant;
1526 412 1574 445 ut
1593 403 1703 445 idola

317 483 526 523 evertant,
561 483 607 515 ut
629 473 935 529 superstitiones
962 472 1175 520 minuant;
1206 482 1253 514 ut
1273 472 1353 513 Dei
1370 471 1528 513 cultum
1548 471 1703 512 instau-

317 551 422 593 rent,
454 558 528 583 cur
560 542 696 583 statim
728 541 919 590 clamant,
951 539 1041 581 illos
1071 540 1209 581 omnia
1237 540 1417 589 turbare,
1448 539 1491 580 in
1521 539 1701 580 alienum

318 609 496 651 officium
530 610 772 665 irrumpere,
804 617 845 649 et
882 608 1070 664 improbe
1104 617 1230 663 atque
1262 607 1503 647 immodeste
1537 606 1700 646 facere?

320 678 426 727 Quae
449 678 663 733 Scriptura
689 676 923 732 Principem
946 675 1225 717 Christianum
1259 675 1312 716 ab
1343 674 1583 730 hujusmodi
1610 688 1704 713 cau-

320 760 457 785 sarum
485 744 718 800 cognitione
747 758 932 800 unquam
963 743 1144 799 repulit?
1179 743 1281 793 Quis
1309 751 1461 799 praeter
1481 742 1580 782 istos
1600 740 1704 782 solos

320 827 505 867 unquam
526 812 603 853 ista
626 812 725 868 jura
745 811 956 853 decrevit?
990 813 1053 852 At
1079 810 1230 859 civiles,
1261 811 1462 867 inquient,
1493 809 1705 865 Principes

323 880 471 934 Remp.
495 888 620 934 atque
652 895 765 920 arma
792 887 964 919 tractare
985 878 1232 929 didicerunt,
1256 878 1483 934 Religionis
1512 876 1706 934 mysteria

321 961 403 987 non
437 947 688 1002 intelligunt.
749 947 860 997 Quid
891 961 989 1001 ergo
1020 948 1137 1002 Papa
1166 946 1288 987 hodie
1319 946 1432 987 aliud
1467 954 1542 996 est,
1578 959 1704 1000 quam

323 1014 555 1054 Monarcha
585 1023 658 1055 aut
690 1014 918 1070 Princeps?
952 1014 1062 1063 Quid
1087 1013 1339 1063 Cardinales,
1362 1029 1466 1069 quos
1495 1028 1605 1053 nunc
1636 1012 1705 1053 vix

322 1081 422 1123 alios
442 1097 527 1122 esse
547 1082 608 1123 fas
628 1091 702 1132 est,
725 1097 850 1138 quam
876 1081 1117 1138 Principum
1138 1091 1179 1123 et
1200 1083 1368 1138 Regum
1393 1081 1550 1122 Filios?
1593 1080 1705 1130 Quid

323 1149 589 1200 Patriarchae,
611 1149 713 1205 quid
743 1164 889 1205 magna
918 1165 969 1189 ex
995 1158 1112 1205 parte
1133 1149 1460 1205 Archiepiscopi,
1482 1148 1584 1204 quid
1604 1147 1706 1204 Epi-

324 1216 449 1272 scopi,
471 1216 574 1272 quid
595 1217 785 1257 Abbates
816 1217 857 1256 in
879 1218 1030 1272 Regno
1051 1216 1268 1258 Pontificio
1297 1216 1409 1257 aliud
1440 1216 1563 1257 hodie
1595 1224 1704 1265 sunt,

323 1300 449 1340 quam
473 1284 624 1325 Civiles
654 1284 880 1340 PrincipeS,
902 1300 1028 1340 quam
1060 1286 1213 1335 Duces,
1235 1299 1361 1340 quam
1390 1283 1584 1334 Comites,
1606 1299 1708 1339 quo-

323 1368 489 1407 cunque
508 1352 713 1402 incedant,
735 1352 950 1407 magnifice
980 1352 1132 1408 stipati,
1157 1367 1265 1408 saepe
1296 1352 1417 1393 etiam
1450 1351 1646 1408 torquati,
1668 1361 1709 1392 et

324 1419 543 1461 cathenati.

384 1486 599 1528 Amictum
631 1486 799 1541 quidem
829 1486 984 1527 habent
1012 1486 1071 1527 illi
1102 1486 1311 1528 interdum
1341 1487 1534 1543 aliquem,
1556 1502 1708 1537 cruces,

325 1553 551 1605 columnas,
590 1554 763 1610 galeros,
803 1554 939 1604 tiaras,
980 1554 1117 1610 pallia,
1154 1570 1279 1610 quam
1319 1569 1514 1611 pompam
1554 1563 1711 1595 veteres

326 1620 538 1677 Episcopi,
573 1621 906 1677 Chrysostomus,
929 1621 1210 1677 Augustinus,
1233 1622 1496 1671 Ambrosius,
1529 1637 1610 1662 non
1640 1621 1712 1661 ha-

325 1689 490 1730 bebant.
553 1690 711 1729 Praeter
737 1689 815 1730 ista
842 1705 938 1730 vero
964 1690 1065 1745 quid
1099 1689 1260 1740 docent,
1293 1690 1395 1746 quid
1427 1689 1585 1740 dicunt,
1609 1689 1711 1744 quid

326 1756 498 1807 faciunt,
520 1756 623 1811 quid
650 1756 812 1807 vivunt,
835 1757 948 1812 quod
975 1757 1117 1798 deceat
1148 1773 1229 1798 non
1256 1767 1418 1798 tantum
1440 1757 1710 1813 Episcopum,

328 1824 399 1865 sed
436 1823 557 1865 etiam
594 1824 802 1864 hominem
836 1824 1147 1865 Christianum?
1198 1826 1271 1865 An
1306 1825 1407 1865 tanti
1448 1834 1508 1865 est
1545 1824 1711 1866 titulum

327 1892 488 1933 inanem
510 1907 666 1948 gerere,
687 1901 728 1932 et
748 1900 908 1933 mutata
928 1891 1060 1933 solum
1076 1901 1187 1933 veste
1206 1892 1403 1948 appellari
1423 1892 1677 1948 Episcopum
1693 1894 1709 1932 Ρ

387 1963 510 2002 Certe
538 1960 618 2001 illis
655 1960 763 2010 solis,
791 1960 864 2016 qui
898 1960 976 2001 ista
1008 1976 1082 2001 nec
1120 1961 1266 2011 sciunt,
1303 1976 1376 2001 nec
1411 1960 1511 2001 scire
1546 1959 1712 2000 omnino

328 2028 489 2080 volunt,
512 2044 586 2070 nec
617 2029 694 2070 nisi
722 2029 835 2085 quod
866 2028 919 2069 ad
948 2028 1126 2070 culinam
1155 2037 1196 2070 et
1225 2037 1409 2070 ventrem
1439 2028 1598 2078 attinet,
1620 2043 1712 2084 par-

330 2104 412 2136 tem
440 2096 567 2137 ullam
599 2095 826 2151 Religionis
857 2096 1025 2137 teruntii
1053 2095 1223 2146 faciunt,
1243 2095 1426 2151 permitti
1458 2110 1598 2136 rerum
1628 2110 1713 2136 om-

329 2163 445 2204 nium
477 2179 693 2214 summam,
724 2164 815 2204 illos
845 2163 950 2205 solos
974 2163 1135 2219 judices
1162 2163 1264 2214 fieri,
1287 2173 1328 2204 et
1357 2173 1554 2219 tanquam
1586 2179 1713 2204 caecos

330 2232 372 2272 in
409 2232 575 2288 specula
609 2232 820 2273 collocari:
863 2231 1097 2287 Principem
1136 2247 1234 2272 vero
1272 2231 1568 2281 Christianum,
1604 2241 1712 2271 recte

332 2299 586 2349 sentientem,
621 2308 727 2339 stare
757 2308 950 2340 truncum
981 2308 1022 2339 et
1052 2298 1244 2354 stipitem,
1265 2314 1348 2339 non
1380 2297 1608 2353 suffragari,
1630 2313 1712 2338 non

332 2366 572 2407 sententiam
601 2366 750 2417 dicere,
773 2375 934 2406 tantum
955 2366 1057 2421 quid
1086 2366 1144 2406 illi
1175 2366 1301 2406 velint
1332 2374 1405 2406 aut
1429 2365 1620 2421 jubeant,
1641 2365 1713 2405 ob-

333 2449 506 2483 servare,
530 2434 614 2475 sine
643 2434 827 2484 auribus,
850 2434 934 2474 sine
957 2433 1098 2484 oculis,
1121 2433 1206 2474 sine
1236 2433 1385 2484 animo,
1408 2433 1492 2473 sine
1522 2441 1710 2488 pectore;

333 2502 539 2557 quidquid
571 2502 623 2542 ab
658 2501 744 2542 istis
778 2502 1029 2557 imponatur,
1061 2501 1146 2542 sine
1178 2501 1416 2557 exceptione
1448 2501 1640 2556 recipere,
1672 2510 1714 2541 et

333 2582 440 2608 caeco
476 2568 634 2623 judicio
677 2568 877 2624 imperata
916 2569 1062 2618 facere,
1094 2567 1360 2623 quantumvis
1391 2583 1438 2608 ea
1475 2566 1714 2621 blasphema

336 2633 416 2674 sint
442 2644 567 2690 atque
586 2636 726 2691 impia,
748 2635 870 2676 etiam
901 2636 932 2676 si
963 2651 1030 2676 eos
1056 2636 1232 2691 jubeant
1263 2634 1520 2690 Religionem
1552 2633 1713 2673 univer-

336 2715 420 2740 sam
452 2702 706 2756 extinguere,
740 2711 781 2743 et
812 2702 1024 2743 Christum
1054 2703 1189 2758 ipsum
1220 2702 1262 2742 in
1291 2715 1453 2742 crucem
1487 2700 1641 2749 tollere,
1674 2709 1714 2740 et

337 2767 577 2822 superbum,
599 2778 639 2808 et
670 2769 1024 2818 contumeliosum,
1046 2778 1085 2809 et
1116 2769 1303 2825 iniquum
1332 2777 1406 2817 est,
1435 2776 1472 2808 et
1504 2783 1529 2808 a
1560 2767 1714 2808 Princi-
