1799 3077
512 144 744 185 JUELLI
778 143 1116 187 APOLOGIA.
1186 192 1189 194 v
1424 151 1504 194 193

111 249 427 312 antesignanum
449 257 713 308 Antichristi,
735 266 776 299 et
806 273 830 299 a
858 257 963 299 Fide
988 256 1204 299 Catholica
1230 257 1448 309 defecisse3
1480 278 1506 304 a

111 340 197 380 quo
219 325 444 383 Coryphaei
475 326 603 368 nostri
634 325 706 377 illi,
729 327 803 383 qui
833 326 1080 383 Evangelio,
1102 334 1228 381 atque
1258 328 1409 382 agnitae
1438 346 1506 371 ve-

111 392 223 434 ritati
254 409 295 435 se
325 403 559 450 opponunt,
589 394 642 435 ad
675 410 806 436 unum
836 410 978 436 omnes
1003 395 1091 450 jam
1127 393 1287 450 pridem
1320 395 1442 446 ultro,
1465 408 1506 438 et

111 460 286 502 libenter
315 461 614 510 discesserunt;
653 472 694 504 et
726 478 837 503 nunc
867 462 989 503 etiam
1020 462 1074 503 ab
1104 461 1248 502 eodem
1279 477 1362 503 non
1389 463 1506 505 inviti

112 528 381 581 discederent,
404 530 481 572 nisi
511 546 580 572 eos
610 531 893 572 inconstantiae
918 539 1028 581 nota,
1051 539 1092 571 et
1121 530 1272 586 pudor,
1296 539 1336 571 et
1361 533 1505 588 populi

110 597 162 638 de
183 613 224 639 se
246 598 495 640 existimatio
525 599 755 656 impediret.
818 601 1035 640 Postremo
1061 599 1114 640 ab
1141 598 1211 639 illo
1231 598 1503 652 discessimus,

111 666 178 707 cui
199 667 383 709 obstricti
415 683 498 709 non
528 683 705 718 eramus,
729 667 886 723 quique
915 675 1067 724 praeter
1095 666 1265 723 genium
1295 669 1505 724 quendam

110 734 201 786 loci,
225 746 266 777 et
287 736 596 786 successionem,
618 735 733 792 quod
754 751 831 792 pro
852 751 894 776 se
914 735 1082 787 diceret,
1105 736 1207 776 nihil
1228 736 1386 778 habuit.
1447 739 1505 780 Et

110 818 184 844 nos
218 803 388 859 quidem
418 805 471 845 ab
506 803 577 844 illo
606 803 729 860 longe
758 804 943 844 omnium
973 804 1200 860 justissime
1231 805 1501 848 discessimus.

108 871 252 912 Nostri
286 871 396 912 enim
428 873 580 928 Reges,
613 872 671 912 illi
703 872 840 922 etiam,
872 872 945 927 qui
977 872 1278 924 auctoritatem,
1310 882 1349 914 et
1377 874 1503 915 fidem

108 939 414 997 Episcoporum
452 940 778 981 Romanensium
819 940 1175 981 observantissime
1207 943 1500 997 sequebantur,

110 1008 206 1049 satis
230 1009 318 1065 jam
349 1009 445 1050 olim
478 1020 693 1050 senserunt
717 1010 871 1065 jugum
901 1019 942 1050 et
973 1009 1233 1065 tyrannidem
1255 1010 1371 1066 regni
1393 1012 1503 1052 Pon-

110 1076 234 1123 tificii.
296 1077 475 1118 Romani
507 1077 616 1118 enim
656 1077 854 1134 Episcopi
893 1087 932 1118 et
974 1077 1160 1119 Henrico
1198 1078 1306 1134 Regi
1347 1088 1500 1131 nostro,

109 1145 198 1201 ejus
224 1145 400 1186 nominis
429 1145 622 1196 secundo,
645 1145 836 1187 diadema
857 1146 908 1186 de
928 1145 1062 1201 capite
1082 1146 1366 1198 detraxerunt,
1388 1164 1502 1190 eum-

109 1228 191 1268 que
211 1213 371 1269 abjecta
391 1213 501 1254 omni
523 1214 751 1269 majestate,
773 1214 937 1270 privato
958 1221 1121 1254 tantum
1148 1213 1308 1264 habitu,
1332 1224 1379 1256 ut
1399 1225 1503 1258 esset

110 1280 194 1320 suis
214 1280 406 1321 omnibus
426 1280 622 1332 ludibrio,
645 1281 699 1322 ad
722 1282 931 1337 Legatum
961 1296 1083 1322 suum
1104 1282 1242 1322 venire
1264 1282 1501 1334 demissum,

107 1359 147 1389 et
178 1348 404 1405 supplicem
436 1349 684 1397 voluerunt;
719 1358 760 1390 et
790 1350 833 1389 in
866 1351 1027 1405 Regem
1059 1359 1246 1390 nostrum
1277 1352 1499 1402 Joannem,

108 1416 352 1473 EpiscOPOS,
386 1427 426 1458 et
458 1418 690 1459 Monachos
722 1428 762 1459 et
798 1417 1039 1458 nonnullam
1070 1417 1191 1458 etiam
1224 1427 1380 1474 partem
1415 1420 1502 1460 No-

106 1483 275 1525 bilitatis
305 1494 584 1536 armaverunt,
613 1494 654 1526 et
688 1485 889 1542 populum
920 1500 1083 1525 omnem
1109 1485 1384 1541 jurejurando
1415 1502 1500 1542 quo

107 1551 164 1591 illi
186 1560 303 1592 erant
323 1552 521 1602 obstricti,
544 1553 786 1604 liberarunt,
809 1568 988 1608 eumque
1015 1562 1223 1609 postremo
1244 1554 1396 1594 nefarie
1426 1570 1500 1610 per

108 1634 316 1660 summum
340 1620 484 1670 scelus,
501 1636 583 1662 non
600 1630 762 1662 tantum
785 1637 914 1678 regno
935 1621 1006 1661 sed
1027 1621 1150 1661 etiam
1167 1621 1250 1662 vita
1271 1633 1495 1671 exuerunt;

107 1698 148 1729 et
182 1689 413 1730 Henricum
447 1690 536 1746 ejus
566 1689 741 1731 nominis
772 1698 979 1740 octavum,
1012 1689 1310 1731 nobilissimum
1343 1692 1501 1733 Princi-

106 1773 217 1813 pem,
239 1756 338 1797 diris
359 1766 399 1798 et
419 1757 664 1799 fulminibus
685 1758 945 1805 defixerunt;
979 1767 1019 1799 et
1049 1757 1090 1798 in
1121 1757 1237 1799 illum
1263 1759 1386 1800 modo
1409 1761 1500 1801 Cae-

108 1840 253 1876 sarem,
276 1825 400 1866 modo
422 1825 590 1867 Gallum
619 1835 945 1877 commoverunt,
968 1826 1166 1883 quodque
1196 1826 1235 1867 in
1267 1827 1365 1883 ipsis
1397 1838 1497 1879 erat,

106 1908 280 1949 regnum
324 1903 508 1935 nostrum
551 1895 720 1950 praedae,
751 1911 798 1936 ac
828 1895 1049 1951 direptioni
1079 1905 1386 1951 exposuerunt3
1427 1896 1499 1938 ho-

107 1961 236 2002 mines
256 1961 387 2002 insani
407 1977 454 2003 ac
474 1962 594 2014 fatui,
617 1962 690 2018 qui
721 1972 794 2004 aut
818 1971 981 2004 tantum
1003 1963 1164 2018 Regem
1193 1962 1316 2004 larvis
1344 1974 1385 2004 et
1414 1979 1499 2004 cre-

105 2029 295 2085 pitaculis
325 2030 596 2086 perterrefieri
627 2046 745 2086 posse
765 2030 993 2081 crederent,
1014 2039 1088 2071 aut
1115 2039 1277 2072 tantum
1300 2033 1497 2087 Regnum

106 2106 189 2137 tam
212 2097 330 2138 facile
361 2113 446 2138 uno
475 2098 594 2154 quasi
623 2098 720 2139 bolo
749 2097 948 2139 devorari.
1010 2099 1069 2138 Et
1099 2098 1216 2153 quasi
1242 2098 1331 2139 haec
1360 2098 1498 2140 omnia

106 2180 188 2205 non
219 2175 353 2206 essent
389 2166 499 2217 satis,
531 2166 764 2208 universam
801 2166 923 2207 etiam
963 2165 1215 2222 provinciam
1255 2166 1496 2222 vectigalem

104 2233 256 2274 habere
282 2233 529 2282 voluerunt;
563 2244 604 2276 et
634 2251 686 2276 ex
718 2251 766 2276 ea
785 2233 1006 2290 quotannis
1036 2249 1180 2274 census
1209 2233 1496 2289 injustissimos

105 2314 344 2357 exegerunt.
408 2303 550 2353 Tanti,
583 2303 785 2353 videlicet,
819 2302 936 2343 nobis
963 2301 1144 2342 constitit
1173 2301 1349 2342 amicitia
1381 2303 1496 2344 urbis

106 2370 266 2410 Romae.
330 2370 453 2419 Quod
483 2370 514 2411 si
544 2371 602 2411 illi
634 2371 750 2412 nobis
770 2371 847 2412 ista
867 2369 1118 2426 imposturis,
1141 2378 1181 2410 et
1201 2369 1318 2410 malis
1337 2370 1495 2411 artibus

104 2446 379 2488 extorserunt,
411 2438 511 2479 nihil
542 2455 675 2480 causae
706 2448 780 2489 est,
803 2455 877 2480 cur
907 2454 988 2479 non
1020 2438 1098 2478 illis
1128 2437 1270 2478 eadem
1302 2437 1495 2494 legitimis

104 2505 345 2556 rationibus,
379 2515 420 2546 et
453 2507 572 2548 bonis
609 2507 770 2563 legibus
804 2507 961 2562 possint
1000 2505 1113 2562 eripi.
1175 2507 1235 2546 At
1271 2505 1302 2546 si
1337 2522 1385 2547 ea
1415 2507 1494 2548 illis

104 2573 243 2628 Reges
274 2573 401 2614 nostri
431 2573 473 2614 in
500 2574 570 2615 illa
590 2574 762 2630 caligine
784 2574 1040 2630 superiorum
1064 2583 1313 2629 temporum,
1334 2574 1494 2616 inducti

103 2640 294 2696 opinione
315 2641 454 2696 aliqua
475 2641 677 2682 simulatae
697 2642 859 2682 illorum
884 2642 1122 2691 sanctitatis,
1146 2642 1374 2698 Religionis
1396 2658 1493 2698 ergo

104 2708 214 2748 ultro
243 2717 284 2750 et
314 2708 535 2750 liberaliter
561 2709 835 2760 donaverunt,
858 2718 1000 2766 postea
1029 2709 1312 2750 animadverso
1341 2725 1490 2758 errore,

103 2791 127 2816 a
153 2776 325 2831 posteris
353 2777 556 2834 Regibus,
579 2777 651 2834 qui
682 2778 823 2819 eadem
856 2787 1057 2834 potestate
1088 2788 1198 2828 sunt,
1222 2787 1389 2833 possunt
1422 2793 1492 2818 au-

163 2859 258 2885 voL.
284 2859 313 2886 1.
840 2862 863 2885 o
