<?xml version="1.0" encoding="UTF-8"?>
<!DOCTYPE html PUBLIC "-//W3C//DTD XHTML 1.0 Transitional//EN"
    "http://www.w3.org/TR/xhtml1/DTD/xhtml1-transitional.dtd">
<html xmlns="http://www.w3.org/1999/xhtml" xml:lang="en" lang="en">
 <head>
  <title>
</title>
<meta http-equiv="Content-Type" content="text/html;charset=utf-8" />
  <meta name='ocr-system' content='tesseract 3.04.00' />
  <meta name='ocr-capabilities' content='ocr_page ocr_carea ocr_par ocr_line ocrx_word'/>
</head>
<body>
  <div class='ocr_page' id='page_1' title='image "./enchiridiontheol01rand_0304.png"; bbox 0 0 1799 3077; ppageno 0'>
   <div class='ocr_carea' id='block_1_1' title="bbox 271 137 1335 185">
    <p class='ocr_par' dir='ltr' id='par_1_1' title="bbox 271 137 1335 185">
     <span class='ocr_line' id='line_1_1' title="bbox 271 137 1335 185; baseline -0.003 -5"><span class='ocrx_word' id='word_1_1' title='bbox 271 141 355 185; x_wconf 72' lang='lat'>290</span> <span class='ocrx_word' id='word_1_2' title='bbox 600 138 835 179; x_wconf 91' lang='lat' dir='ltr'><strong>NOELLI</strong></span> <span class='ocrx_word' id='word_1_3' title='bbox 870 137 1335 178; x_wconf 87' lang='lat' dir='ltr'>CATECHISMUS.</span> 
     </span>
    </p>
   </div>
   <div class='ocr_carea' id='block_1_2' title="bbox 272 249 1670 2408">
    <p class='ocr_par' dir='ltr' id='par_1_2' title="bbox 272 249 1668 565">
     <span class='ocr_line' id='line_1_2' title="bbox 272 249 1667 309; baseline -0.004 -14"><span class='ocrx_word' id='word_1_4' title='bbox 272 253 438 309; x_wconf 87' lang='lat' dir='ltr'>loquar)</span> <span class='ocrx_word' id='word_1_5' title='bbox 460 251 678 300; x_wconf 85' lang='lat' dir='ltr'>mediator,</span> <span class='ocrx_word' id='word_1_6' title='bbox 696 251 817 306; x_wconf 88' lang='lat' dir='ltr'>cujus</span> <span class='ocrx_word' id='word_1_7' title='bbox 837 250 963 291; x_wconf 90' lang='lat' dir='ltr'>solius</span> <span class='ocrx_word' id='word_1_8' title='bbox 983 259 1003 289; x_wconf 69' lang='grc' dir='ltr'><strong>Ρ</strong></span> <span class='ocrx_word' id='word_1_9' title='bbox 1016 250 1180 291; x_wconf 89' lang='lat' dir='ltr'>nomine</span> <span class='ocrx_word' id='word_1_10' title='bbox 1202 251 1341 290; x_wconf 90' lang='lat' dir='ltr'>Deum</span> <span class='ocrx_word' id='word_1_11' title='bbox 1365 250 1532 290; x_wconf 82' lang='lat' dir='ltr'>Patrem</span> <span class='ocrx_word' id='word_1_12' title='bbox 1552 249 1667 290; x_wconf 85' lang='lat' dir='ltr'>adire</span> 
     </span>
     <span class='ocr_line' id='line_1_3' title="bbox 274 316 1668 373; baseline -0.004 -12"><span class='ocrx_word' id='word_1_13' title='bbox 274 335 347 361; x_wconf 90' lang='lat' dir='ltr'>nos</span> <span class='ocrx_word' id='word_1_14' title='bbox 367 319 517 360; x_wconf 84' lang='lat' dir='ltr'>diserte</span> <span class='ocrx_word' id='word_1_15' title='bbox 549 319 686 359; x_wconf 89' lang='lat' dir='ltr'>Sacrae</span> <span class='ocrx_word' id='word_1_16' title='bbox 715 317 844 358; x_wconf 84' lang='lat' dir='ltr'>literae</span> <span class='ocrx_word' id='word_1_17' title='bbox 869 317 1035 373; x_wconf 85' lang='lat' dir='ltr'>jubent,</span> <span class='ocrx_word' id='word_1_18' title='bbox 1056 317 1208 358; x_wconf 89' lang='lat' dir='ltr'>additis</span> <span class='ocrx_word' id='word_1_19' title='bbox 1238 317 1361 358; x_wconf 88' lang='lat' dir='ltr'>etiam</span> <span class='ocrx_word' id='word_1_20' title='bbox 1391 316 1668 372; x_wconf 87' lang='lat' dir='ltr'>promissioni-</span> 
     </span>
     <span class='ocr_line' id='line_1_4' title="bbox 272 384 1668 440; baseline -0.004 -11"><span class='ocrx_word' id='word_1_21' title='bbox 272 388 365 437; x_wconf 86' lang='lat' dir='ltr'>bus,</span> <span class='ocrx_word' id='word_1_22' title='bbox 388 402 484 428; x_wconf 90' lang='lat' dir='ltr'>eum</span> <span class='ocrx_word' id='word_1_23' title='bbox 506 401 581 427; x_wconf 91' lang='lat' dir='ltr'>sua</span> <span class='ocrx_word' id='word_1_24' title='bbox 600 384 887 426; x_wconf 80' lang='lat' dir='ltr'>intercessione</span> <span class='ocrx_word' id='word_1_25' title='bbox 913 385 1172 435; x_wconf 87' lang='lat' dir='ltr'>effecturum,</span> <span class='ocrx_word' id='word_1_26' title='bbox 1194 393 1257 435; x_wconf 89' lang='lat' dir='ltr'>ut,</span> <span class='ocrx_word' id='word_1_27' title='bbox 1279 399 1375 440; x_wconf 87' lang='lat' dir='ltr'>quae</span> <span class='ocrx_word' id='word_1_28' title='bbox 1395 398 1575 433; x_wconf 88' lang='lat' dir='ltr'>oramus,</span> <span class='ocrx_word' id='word_1_29' title='bbox 1597 398 1668 423; x_wconf 86' lang='lat' dir='ltr'>ex-</span> 
     </span>
     <span class='ocr_line' id='line_1_5' title="bbox 273 450 1668 509; baseline -0.004 -12"><span class='ocrx_word' id='word_1_30' title='bbox 273 470 450 497; x_wconf 90' lang='lat' dir='ltr'>oremus.</span> <span class='ocrx_word' id='word_1_31' title='bbox 510 452 685 509; x_wconf 90' lang='lat' dir='ltr'>Alioqui</span> <span class='ocrx_word' id='word_1_32' title='bbox 705 461 725 489; x_wconf 76' lang='lat' dir='ltr'>q</span> <span class='ocrx_word' id='word_1_33' title='bbox 740 452 825 493; x_wconf 89' lang='lat' dir='ltr'>sine</span> <span class='ocrx_word' id='word_1_34' title='bbox 847 452 1028 502; x_wconf 90' lang='lat' dir='ltr'>Christo,</span> <span class='ocrx_word' id='word_1_35' title='bbox 1051 452 1133 493; x_wconf 89' lang='lat' dir='ltr'>Dei</span> <span class='ocrx_word' id='word_1_36' title='bbox 1157 452 1268 493; x_wconf 84' lang='lat' dir='ltr'>auris</span> <span class='ocrx_word' id='word_1_37' title='bbox 1287 461 1413 508; x_wconf 87' lang='lat' dir='ltr'>atque</span> <span class='ocrx_word' id='word_1_38' title='bbox 1433 451 1594 492; x_wconf 89' lang='lat' dir='ltr'>animus</span> <span class='ocrx_word' id='word_1_39' title='bbox 1614 450 1668 491; x_wconf 88' lang='lat' dir='ltr'>ab</span> 
     </span>
     <span class='ocr_line' id='line_1_6' title="bbox 273 521 737 565; baseline -0.011 0"><span class='ocrx_word' id='word_1_40' title='bbox 273 523 510 565; x_wconf 92' lang='lat' dir='ltr'>hominibus</span> <span class='ocrx_word' id='word_1_41' title='bbox 531 521 737 563; x_wconf 87' lang='lat' dir='ltr'>abhorret.</span> 
     </span>
    </p>

    <p class='ocr_par' dir='ltr' id='par_1_3' title="bbox 274 587 1667 717">
     <span class='ocr_line' id='line_1_7' title="bbox 332 587 1667 644; baseline -0.004 -12"><span class='ocrx_word' id='word_1_42' title='bbox 332 593 396 632; x_wconf 93' lang='lat' dir='ltr'>M.</span> <span class='ocrx_word' id='word_1_43' title='bbox 440 592 504 632; x_wconf 89' lang='lat' dir='ltr'>At</span> <span class='ocrx_word' id='word_1_44' title='bbox 538 588 696 631; x_wconf 91' lang='lat' dir='ltr'>mutuis</span> <span class='ocrx_word' id='word_1_45' title='bbox 733 587 950 644; x_wconf 89' lang='lat' dir='ltr'>rprecibus</span> <span class='ocrx_word' id='word_1_46' title='bbox 984 587 1051 627; x_wconf 86' lang='lat' dir='ltr'>alii</span> <span class='ocrx_word' id='word_1_47' title='bbox 1092 587 1193 628; x_wconf 89' lang='lat' dir='ltr'>alios</span> <span class='ocrx_word' id='word_1_48' title='bbox 1227 587 1474 643; x_wconf 81' lang='lat' dir='ltr'>adjuvamus</span> <span class='ocrx_word' id='word_1_49' title='bbox 1515 596 1667 636; x_wconf 87' lang='lat' dir='ltr'>tamen,</span> 
     </span>
     <span class='ocr_line' id='line_1_8' title="bbox 274 656 991 717; baseline -0.008 -15"><span class='ocrx_word' id='word_1_50' title='bbox 274 661 413 717; x_wconf 87' lang='lat' dir='ltr'>quoad</span> <span class='ocrx_word' id='word_1_51' title='bbox 433 660 474 700; x_wconf 91' lang='lat' dir='ltr'>in</span> <span class='ocrx_word' id='word_1_52' title='bbox 496 659 574 700; x_wconf 89' lang='lat' dir='ltr'>hoc</span> <span class='ocrx_word' id='word_1_53' title='bbox 595 657 754 699; x_wconf 90' lang='lat' dir='ltr'>mundo</span> <span class='ocrx_word' id='word_1_54' title='bbox 773 656 991 697; x_wconf 81' lang='lat' dir='ltr'>haeremus.</span> 
     </span>
    </p>

    <p class='ocr_par' dir='ltr' id='par_1_4' title="bbox 274 722 1670 972">
     <span class='ocr_line' id='line_1_9' title="bbox 332 722 1670 781; baseline -0.004 -12"><span class='ocrx_word' id='word_1_55' title='bbox 332 730 390 770; x_wconf 91' lang='lat' dir='ltr'>A.</span> <span class='ocrx_word' id='word_1_56' title='bbox 422 729 578 768; x_wconf 87' lang='lat' dir='ltr'>Verum</span> <span class='ocrx_word' id='word_1_57' title='bbox 606 725 649 766; x_wconf 89' lang='lat' dir='ltr'>id</span> <span class='ocrx_word' id='word_1_58' title='bbox 682 725 851 781; x_wconf 90' lang='lat' dir='ltr'>quidem</span> <span class='ocrx_word' id='word_1_59' title='bbox 885 733 960 774; x_wconf 90' lang='lat' dir='ltr'>est,</span> <span class='ocrx_word' id='word_1_60' title='bbox 982 739 1065 765; x_wconf 88' lang='lat' dir='ltr'>non</span> <span class='ocrx_word' id='word_1_61' title='bbox 1097 733 1233 765; x_wconf 89' lang='lat' dir='ltr'>tamen</span> <span class='ocrx_word' id='word_1_62' title='bbox 1264 723 1358 764; x_wconf 93' lang='lat' dir='ltr'>ideo</span> <span class='ocrx_word' id='word_1_63' title='bbox 1387 723 1488 764; x_wconf 89' lang='lat' dir='ltr'>alios</span> <span class='ocrx_word' id='word_1_64' title='bbox 1516 722 1670 764; x_wconf 47' lang='lat' dir='ltr'>mediast-</span> 
     </span>
     <span class='ocr_line' id='line_1_10' title="bbox 275 792 1666 848; baseline -0.004 -11"><span class='ocrx_word' id='word_1_65' title='bbox 275 805 383 837; x_wconf 91' lang='lat' dir='ltr'>tores</span> <span class='ocrx_word' id='word_1_66' title='bbox 411 795 578 837; x_wconf 89' lang='lat' dir='ltr'>Christo</span> <span class='ocrx_word' id='word_1_67' title='bbox 608 793 912 844; x_wconf 82' lang='lat' dir='ltr'>substituimus,</span> <span class='ocrx_word' id='word_1_68' title='bbox 936 792 1005 833; x_wconf 87' lang='lat' dir='ltr'>sed</span> <span class='ocrx_word' id='word_1_69' title='bbox 1036 792 1266 848; x_wconf 84' lang='lat' dir='ltr'>conjunctis</span> <span class='ocrx_word' id='word_1_70' title='bbox 1296 792 1442 832; x_wconf 89' lang='lat' dir='ltr'>animis</span> <span class='ocrx_word' id='word_1_71' title='bbox 1474 801 1515 832; x_wconf 90' lang='lat' dir='ltr'>et</span> <span class='ocrx_word' id='word_1_72' title='bbox 1546 792 1666 842; x_wconf 91' lang='lat' dir='ltr'>votis,</span> 
     </span>
     <span class='ocr_line' id='line_1_11' title="bbox 274 859 1666 918; baseline -0.004 -13"><span class='ocrx_word' id='word_1_73' title='bbox 274 864 327 905; x_wconf 92' lang='lat' dir='ltr'>ad</span> <span class='ocrx_word' id='word_1_74' title='bbox 347 862 556 904; x_wconf 89' lang='lat' dir='ltr'>charitatis</span> <span class='ocrx_word' id='word_1_75' title='bbox 575 872 701 918; x_wconf 88' lang='lat' dir='ltr'>atque</span> <span class='ocrx_word' id='word_1_76' title='bbox 722 860 838 902; x_wconf 87' lang='lat' dir='ltr'>verbi</span> <span class='ocrx_word' id='word_1_77' title='bbox 859 860 940 901; x_wconf 83' lang='lat' dir='ltr'>Dei</span> <span class='ocrx_word' id='word_1_78' title='bbox 968 860 1272 916; x_wconf 82' lang='lat' dir='ltr'>praescriptum,</span> <span class='ocrx_word' id='word_1_79' title='bbox 1295 875 1380 901; x_wconf 89' lang='lat' dir='ltr'>uno</span> <span class='ocrx_word' id='word_1_80' title='bbox 1400 869 1413 888; x_wconf 89' lang='lat' dir='ltr'>s</span> <span class='ocrx_word' id='word_1_81' title='bbox 1427 859 1666 910; x_wconf 85' lang='lat' dir='ltr'>mediatore,</span> 
     </span>
     <span class='ocr_line' id='line_1_12' title="bbox 275 928 996 972; baseline -0.007 0"><span class='ocrx_word' id='word_1_82' title='bbox 275 945 536 972; x_wconf 88' lang='lat' dir='ltr'>communem</span> <span class='ocrx_word' id='word_1_83' title='bbox 559 931 726 970; x_wconf 87' lang='lat' dir='ltr'>Patrem</span> <span class='ocrx_word' id='word_1_84' title='bbox 746 928 996 969; x_wconf 84' lang='lat' dir='ltr'>invocamus.</span> 
     </span>
    </p>

    <p class='ocr_par' dir='ltr' id='par_1_5' title="bbox 275 994 1669 1258">
     <span class='ocr_line' id='line_1_13' title="bbox 334 994 1668 1053; baseline -0.004 -14"><span class='ocrx_word' id='word_1_85' title='bbox 334 1000 398 1039; x_wconf 92' lang='lat' dir='ltr'>M.</span> <span class='ocrx_word' id='word_1_86' title='bbox 430 997 550 1039; x_wconf 90' lang='lat' dir='ltr'>Alios</span> <span class='ocrx_word' id='word_1_87' title='bbox 580 1012 680 1053; x_wconf 84' lang='lat' dir='ltr'>ergo</span> <span class='ocrx_word' id='word_1_88' title='bbox 709 994 955 1037; x_wconf 85' lang='lat' dir='ltr'>mediatores</span> <span class='ocrx_word' id='word_1_89' title='bbox 985 995 1038 1036; x_wconf 86' lang='lat' dir='ltr'>ad</span> <span class='ocrx_word' id='word_1_90' title='bbox 1071 997 1227 1045; x_wconf 83' lang='lat' dir='ltr'>Deum,</span> <span class='ocrx_word' id='word_1_91' title='bbox 1249 1003 1323 1035; x_wconf 90' lang='lat' dir='ltr'>aut</span> <span class='ocrx_word' id='word_1_92' title='bbox 1353 1010 1486 1036; x_wconf 85' lang='lat' dir='ltr'>causae</span> <span class='ocrx_word' id='word_1_93' title='bbox 1518 1005 1668 1035; x_wconf 87' lang='lat' dir='ltr'>nostrae</span> 
     </span>
     <span class='ocr_line' id='line_1_14' title="bbox 275 1063 1669 1124; baseline -0.003 -16"><span class='ocrx_word' id='word_1_94' title='bbox 275 1076 484 1124; x_wconf 88' lang='lat' dir='ltr'>patronos,</span> <span class='ocrx_word' id='word_1_95' title='bbox 505 1074 657 1122; x_wconf 86' lang='lat' dir='ltr'>praeter</span> <span class='ocrx_word' id='word_1_96' title='bbox 677 1079 810 1105; x_wconf 92' lang='lat' dir='ltr'>unum</span> <span class='ocrx_word' id='word_1_97' title='bbox 834 1064 1048 1106; x_wconf 87' lang='lat' dir='ltr'>Christum</span> <span class='ocrx_word' id='word_1_98' title='bbox 1070 1063 1342 1110; x_wconf 85' lang='lat' dir='ltr'>constituere;</span> <span class='ocrx_word' id='word_1_99' title='bbox 1376 1072 1418 1104; x_wconf 86' lang='lat' dir='ltr'>et</span> <span class='ocrx_word' id='word_1_100' title='bbox 1438 1079 1462 1104; x_wconf 89' lang='lat' dir='ltr'>a</span> <span class='ocrx_word' id='word_1_101' title='bbox 1484 1063 1669 1119; x_wconf 86' lang='lat' dir='ltr'>Scriptu-</span> 
     </span>
     <span class='ocr_line' id='line_1_15' title="bbox 275 1130 1668 1189; baseline -0.004 -13"><span class='ocrx_word' id='word_1_102' title='bbox 275 1136 331 1176; x_wconf 87' lang='lat' dir='ltr'>ris</span> <span class='ocrx_word' id='word_1_103' title='bbox 353 1135 526 1184; x_wconf 87' lang='lat' dir='ltr'>Sanctis,</span> <span class='ocrx_word' id='word_1_104' title='bbox 544 1149 590 1174; x_wconf 88' lang='lat' dir='ltr'>ac</span> <span class='ocrx_word' id='word_1_105' title='bbox 612 1132 786 1189; x_wconf 89' lang='lat' dir='ltr'>proinde</span> <span class='ocrx_word' id='word_1_106' title='bbox 805 1147 829 1172; x_wconf 93' lang='lat' dir='ltr'>a</span> <span class='ocrx_word' id='word_1_107' title='bbox 851 1132 956 1173; x_wconf 87' lang='lat' dir='ltr'>Fide</span> <span class='ocrx_word' id='word_1_108' title='bbox 976 1132 1172 1182; x_wconf 89' lang='lat' dir='ltr'>alienum,</span> <span class='ocrx_word' id='word_1_109' title='bbox 1189 1141 1231 1172; x_wconf 84' lang='lat' dir='ltr'>et</span> <span class='ocrx_word' id='word_1_110' title='bbox 1251 1146 1343 1172; x_wconf 89' lang='lat' dir='ltr'>cum</span> <span class='ocrx_word' id='word_1_111' title='bbox 1364 1130 1519 1172; x_wconf 89' lang='lat' dir='ltr'>Christi</span> <span class='ocrx_word' id='word_1_112' title='bbox 1539 1130 1668 1187; x_wconf 89' lang='lat' dir='ltr'>ipsius</span> 
     </span>
     <span class='ocr_line' id='line_1_16' title="bbox 276 1200 1149 1258; baseline -0.005 -14"><span class='ocrx_word' id='word_1_113' title='bbox 276 1218 437 1244; x_wconf 89' lang='lat' dir='ltr'>summa</span> <span class='ocrx_word' id='word_1_114' title='bbox 456 1201 608 1258; x_wconf 84' lang='lat' dir='ltr'>injuria</span> <span class='ocrx_word' id='word_1_115' title='bbox 628 1201 716 1256; x_wconf 86' lang='lat' dir='ltr'>conj</span> <span class='ocrx_word' id='word_1_116' title='bbox 724 1209 896 1241; x_wconf 86' lang='lat' dir='ltr'>unctum</span> <span class='ocrx_word' id='word_1_117' title='bbox 917 1216 1002 1241; x_wconf 88' lang='lat' dir='ltr'>esse</span> <span class='ocrx_word' id='word_1_118' title='bbox 1018 1200 1149 1241; x_wconf 84' lang='lat' dir='ltr'>dicis?</span> 
     </span>
    </p>

    <p class='ocr_par' dir='ltr' id='par_1_6' title="bbox 333 1270 816 1324">
     <span class='ocr_line' id='line_1_17' title="bbox 333 1270 816 1324; baseline -0.006 -13"><span class='ocrx_word' id='word_1_119' title='bbox 333 1273 389 1311; x_wconf 91' lang='lat' dir='ltr'>A.</span> <span class='ocrx_word' id='word_1_120' title='bbox 422 1270 544 1320; x_wconf 87' lang='lat' dir='ltr'>Dico,</span> <span class='ocrx_word' id='word_1_121' title='bbox 568 1271 816 1324; x_wconf 89' lang='lat' dir='ltr'>Praeceptor.</span> 
     </span>
    </p>

    <p class='ocr_par' dir='ltr' id='par_1_7' title="bbox 333 1339 578 1394">
     <span class='ocr_line' id='line_1_18' title="bbox 333 1339 578 1394; baseline -0.004 -15"><span class='ocrx_word' id='word_1_122' title='bbox 333 1339 398 1379; x_wconf 93' lang='lat' dir='ltr'>M.</span> <span class='ocrx_word' id='word_1_123' title='bbox 431 1340 578 1394; x_wconf 86' lang='lat' dir='ltr'>Perge.</span> 
     </span>
    </p>

    <p class='ocr_par' dir='ltr' id='par_1_8' title="bbox 275 1402 1670 1868">
     <span class='ocr_line' id='line_1_19' title="bbox 331 1402 1667 1460; baseline -0.004 -12"><span class='ocrx_word' id='word_1_124' title='bbox 331 1408 388 1448; x_wconf 92' lang='lat' dir='ltr'>A.</span> <span class='ocrx_word' id='word_1_125' title='bbox 423 1407 594 1447; x_wconf 87' lang='lat' dir='ltr'>Summa</span> <span class='ocrx_word' id='word_1_126' title='bbox 612 1404 671 1445; x_wconf 88' lang='lat' dir='ltr'>rei</span> <span class='ocrx_word' id='word_1_127' title='bbox 690 1404 788 1444; x_wconf 90' lang='lat' dir='ltr'>illuc</span> <span class='ocrx_word' id='word_1_128' title='bbox 809 1402 1001 1459; x_wconf 88' lang='lat' dir='ltr'>pertinet,</span> <span class='ocrx_word' id='word_1_129' title='bbox 1024 1412 1071 1444; x_wconf 91' lang='lat' dir='ltr'>ut</span> <span class='ocrx_word' id='word_1_130' title='bbox 1091 1403 1407 1460; x_wconf 88' lang='lat' dir='ltr'>promissionum</span> <span class='ocrx_word' id='word_1_131' title='bbox 1431 1402 1572 1443; x_wconf 83' lang='lat' dir='ltr'>tnobis</span> <span class='ocrx_word' id='word_1_132' title='bbox 1592 1418 1667 1459; x_wconf 89' lang='lat' dir='ltr'>per</span> 
     </span>
     <span class='ocr_line' id='line_1_20' title="bbox 277 1470 1666 1527; baseline -0.004 -11"><span class='ocrx_word' id='word_1_133' title='bbox 277 1474 491 1516; x_wconf 87' lang='lat' dir='ltr'>Christum</span> <span class='ocrx_word' id='word_1_134' title='bbox 522 1473 724 1514; x_wconf 86' lang='lat' dir='ltr'>factarum</span> <span class='ocrx_word' id='word_1_135' title='bbox 755 1471 909 1512; x_wconf 87' lang='lat' dir='ltr'>fiducia</span> <span class='ocrx_word' id='word_1_136' title='bbox 948 1471 1048 1521; x_wconf 89' lang='lat' dir='ltr'>nixi,</span> <span class='ocrx_word' id='word_1_137' title='bbox 1086 1472 1260 1527; x_wconf 86' lang='lat' dir='ltr'>ejusque</span> <span class='ocrx_word' id='word_1_138' title='bbox 1294 1470 1388 1511; x_wconf 86' lang='lat' dir='ltr'>freti</span> <span class='ocrx_word' id='word_1_139' title='bbox 1423 1470 1666 1526; x_wconf 87' lang='lat' dir='ltr'>patrocinio,</span> 
     </span>
     <span class='ocr_line' id='line_1_21' title="bbox 276 1538 1669 1598; baseline -0.004 -15"><span class='ocrx_word' id='word_1_140' title='bbox 276 1542 425 1583; x_wconf 85' lang='lat' dir='ltr'>omissa</span> <span class='ocrx_word' id='word_1_141' title='bbox 443 1540 555 1583; x_wconf 90' lang='lat' dir='ltr'>omni</span> <span class='ocrx_word' id='word_1_142' title='bbox 575 1539 789 1596; x_wconf 86' lang='lat' dir='ltr'>dignitatis</span> <span class='ocrx_word' id='word_1_143' title='bbox 812 1548 963 1580; x_wconf 87' lang='lat' dir='ltr'>nostrae</span> <span class='ocrx_word' id='word_1_144' title='bbox 983 1539 1155 1589; x_wconf 89' lang='lat' dir='ltr'>ratione,</span> <span class='ocrx_word' id='word_1_145' title='bbox 1177 1538 1369 1595; x_wconf 89' lang='lat' dir='ltr'>precibus</span> <span class='ocrx_word' id='word_1_146' title='bbox 1389 1538 1506 1598; x_wconf 80' lang='lat' dir='ltr'>quasi</span> <span class='ocrx_word' id='word_1_147' title='bbox 1526 1554 1576 1579; x_wconf 86' lang='lat' dir='ltr'>ex</span> <span class='ocrx_word' id='word_1_148' title='bbox 1598 1554 1669 1579; x_wconf 88' lang='lat' dir='ltr'>ore</span> 
     </span>
     <span class='ocr_line' id='line_1_22' title="bbox 276 1606 1669 1664; baseline -0.002 -13"><span class='ocrx_word' id='word_1_149' title='bbox 276 1619 297 1639; x_wconf 74' lang='lat'>¹¹</span> <span class='ocrx_word' id='word_1_150' title='bbox 316 1609 470 1651; x_wconf 88' lang='lat' dir='ltr'>Christi</span> <span class='ocrx_word' id='word_1_151' title='bbox 497 1607 718 1664; x_wconf 87' lang='lat' dir='ltr'>conceptis,</span> <span class='ocrx_word' id='word_1_152' title='bbox 740 1607 794 1648; x_wconf 89' lang='lat' dir='ltr'>ad</span> <span class='ocrx_word' id='word_1_153' title='bbox 827 1608 967 1648; x_wconf 92' lang='lat' dir='ltr'>Deum</span> <span class='ocrx_word' id='word_1_154' title='bbox 994 1608 1163 1648; x_wconf 89' lang='lat' dir='ltr'>Patrem</span> <span class='ocrx_word' id='word_1_155' title='bbox 1194 1606 1472 1647; x_wconf 90' lang='lat' dir='ltr'>invocandum</span> <span class='ocrx_word' id='word_1_156' title='bbox 1503 1607 1669 1648; x_wconf 86' lang='lat' dir='ltr'>acceda-</span> 
     </span>
     <span class='ocr_line' id='line_1_23' title="bbox 275 1674 1667 1734; baseline -0.002 -15"><span class='ocrx_word' id='word_1_157' title='bbox 275 1693 394 1725; x_wconf 81' lang='lat' dir='ltr'>mus;</span> <span class='ocrx_word' id='word_1_158' title='bbox 428 1676 542 1734; x_wconf 90' lang='lat' dir='ltr'>quod</span> <span class='ocrx_word' id='word_1_159' title='bbox 566 1684 616 1717; x_wconf 86' lang='lat' dir='ltr'>ut</span> <span class='ocrx_word' id='word_1_160' title='bbox 636 1674 799 1716; x_wconf 86' lang='lat' dir='ltr'>veritati</span> <span class='ocrx_word' id='word_1_161' title='bbox 822 1675 1131 1731; x_wconf 84' lang='lat' dir='ltr'>Scripturarum</span> <span class='ocrx_word' id='word_1_162' title='bbox 1152 1674 1330 1715; x_wconf 88' lang='lat' dir='ltr'>maxime</span> <span class='ocrx_word' id='word_1_163' title='bbox 1350 1683 1667 1716; x_wconf 85' lang='lat' dir='ltr'>consentaneum</span> 
     </span>
     <span class='ocr_line' id='line_1_24' title="bbox 276 1742 1670 1799; baseline -0.003 -11"><span class='ocrx_word' id='word_1_164' title='bbox 276 1755 351 1797; x_wconf 87' lang='lat' dir='ltr'>est,</span> <span class='ocrx_word' id='word_1_165' title='bbox 372 1745 430 1787; x_wconf 88' lang='lat' dir='ltr'>ita</span> <span class='ocrx_word' id='word_1_166' title='bbox 449 1745 502 1786; x_wconf 87' lang='lat' dir='ltr'>ab</span> <span class='ocrx_word' id='word_1_167' title='bbox 522 1754 543 1773; x_wconf 86' lang='lat' dir='ltr'>x</span> <span class='ocrx_word' id='word_1_168' title='bbox 557 1743 817 1799; x_wconf 84' lang='lat' dir='ltr'>arrogantiae,</span> <span class='ocrx_word' id='word_1_169' title='bbox 840 1743 1164 1799; x_wconf 88' lang='lat' dir='ltr'>temeritatisque</span> <span class='ocrx_word' id='word_1_170' title='bbox 1183 1743 1306 1799; x_wconf 90' lang='lat' dir='ltr'>culpa</span> <span class='ocrx_word' id='word_1_171' title='bbox 1334 1742 1568 1799; x_wconf 87' lang='lat' dir='ltr'>longissime</span> <span class='ocrx_word' id='word_1_172' title='bbox 1589 1743 1670 1784; x_wconf 90' lang='lat' dir='ltr'>uti-</span> 
     </span>
     <span class='ocr_line' id='line_1_25' title="bbox 276 1812 504 1868; baseline -0.004 -15"><span class='ocrx_word' id='word_1_173' title='bbox 276 1828 359 1868; x_wconf 91' lang='lat' dir='ltr'>que</span> <span class='ocrx_word' id='word_1_174' title='bbox 379 1812 504 1853; x_wconf 89' lang='lat' dir='ltr'>abest.</span> 
     </span>
    </p>

    <p class='ocr_par' dir='ltr' id='par_1_9' title="bbox 276 1877 1668 2005">
     <span class='ocr_line' id='line_1_26' title="bbox 335 1877 1668 1934; baseline -0.002 -13"><span class='ocrx_word' id='word_1_175' title='bbox 335 1882 399 1921; x_wconf 91' lang='lat' dir='ltr'>M.</span> <span class='ocrx_word' id='word_1_176' title='bbox 434 1880 500 1921; x_wconf 86' lang='lat' dir='ltr'>Sic</span> <span class='ocrx_word' id='word_1_177' title='bbox 519 1894 617 1920; x_wconf 89' lang='lat' dir='ltr'>vero</span> <span class='ocrx_word' id='word_1_178' title='bbox 646 1887 694 1919; x_wconf 90' lang='lat' dir='ltr'>ut</span> <span class='ocrx_word' id='word_1_179' title='bbox 713 1878 827 1928; x_wconf 87' lang='lat' dir='ltr'>dicis,</span> <span class='ocrx_word' id='word_1_180' title='bbox 849 1879 990 1919; x_wconf 92' lang='lat' dir='ltr'>Deum</span> <span class='ocrx_word' id='word_1_181' title='bbox 1020 1887 1247 1934; x_wconf 86' lang='lat' dir='ltr'>precantes,</span> <span class='ocrx_word' id='word_1_182' title='bbox 1270 1877 1386 1933; x_wconf 90' lang='lat' dir='ltr'>quod</span> <span class='ocrx_word' id='word_1_183' title='bbox 1415 1886 1565 1933; x_wconf 90' lang='lat' dir='ltr'>petunt</span> <span class='ocrx_word' id='word_1_184' title='bbox 1593 1877 1668 1918; x_wconf 92' lang='lat' dir='ltr'>im-</span> 
     </span>
     <span class='ocr_line' id='line_1_27' title="bbox 276 1945 1437 2005; baseline -0.003 -16"><span class='ocrx_word' id='word_1_185' title='bbox 276 1947 467 2005; x_wconf 88' lang='lat' dir='ltr'>petrandi</span> <span class='ocrx_word' id='word_1_186' title='bbox 489 1962 603 2003; x_wconf 89' lang='lat' dir='ltr'>spem</span> <span class='ocrx_word' id='word_1_187' title='bbox 622 1946 774 1988; x_wconf 89' lang='lat' dir='ltr'>bonam</span> <span class='ocrx_word' id='word_1_188' title='bbox 795 1946 1008 2002; x_wconf 88' lang='lat' dir='ltr'>concipere</span> <span class='ocrx_word' id='word_1_189' title='bbox 1028 1946 1178 1987; x_wconf 88' lang='lat' dir='ltr'>debere</span> <span class='ocrx_word' id='word_1_190' title='bbox 1198 1945 1437 1986; x_wconf 84' lang='lat' dir='ltr'>existimas?</span> 
     </span>
    </p>

    <p class='ocr_par' dir='ltr' id='par_1_10' title="bbox 277 2010 1669 2408">
     <span class='ocr_line' id='line_1_28' title="bbox 335 2010 1668 2069; baseline -0.004 -13"><span class='ocrx_word' id='word_1_191' title='bbox 335 2017 391 2056; x_wconf 88' lang='lat' dir='ltr'>A.</span> <span class='ocrx_word' id='word_1_192' title='bbox 425 2016 485 2056; x_wconf 91' lang='lat' dir='ltr'>Et</span> <span class='ocrx_word' id='word_1_193' title='bbox 506 2014 714 2055; x_wconf 90' lang='lat' dir='ltr'>Dominus</span> <span class='ocrx_word' id='word_1_194' title='bbox 743 2013 830 2069; x_wconf 88' lang='lat' dir='ltr'>ipse</span> <span class='ocrx_word' id='word_1_195' title='bbox 858 2022 970 2054; x_wconf 86' lang='lat' dir='ltr'>certa</span> <span class='ocrx_word' id='word_1_196' title='bbox 998 2028 1073 2054; x_wconf 92' lang='lat' dir='ltr'>nos</span> <span class='ocrx_word' id='word_1_197' title='bbox 1101 2013 1243 2054; x_wconf 80' lang='lat' dir='ltr'>yFide</span> <span class='ocrx_word' id='word_1_198' title='bbox 1271 2021 1412 2069; x_wconf 90' lang='lat' dir='ltr'>petere</span> <span class='ocrx_word' id='word_1_199' title='bbox 1437 2012 1574 2068; x_wconf 85' lang='lat' dir='ltr'>jubet,</span> <span class='ocrx_word' id='word_1_200' title='bbox 1597 2010 1668 2051; x_wconf 89' lang='lat' dir='ltr'>ad-</span> 
     </span>
     <span class='ocr_line' id='line_1_29' title="bbox 278 2078 1668 2138; baseline -0.003 -15"><span class='ocrx_word' id='word_1_201' title='bbox 278 2082 366 2123; x_wconf 89' lang='lat' dir='ltr'>dita</span> <span class='ocrx_word' id='word_1_202' title='bbox 399 2081 683 2138; x_wconf 87' lang='lat' dir='ltr'>promissione,</span> <span class='ocrx_word' id='word_1_203' title='bbox 719 2089 760 2121; x_wconf 90' lang='lat' dir='ltr'>et</span> <span class='ocrx_word' id='word_1_204' title='bbox 793 2080 1069 2136; x_wconf 83' lang='lat' dir='ltr'>jurejurando</span> <span class='ocrx_word' id='word_1_205' title='bbox 1101 2080 1224 2121; x_wconf 86' lang='lat' dir='ltr'>etiam</span> <span class='ocrx_word' id='word_1_206' title='bbox 1258 2080 1513 2137; x_wconf 88' lang='lat' dir='ltr'>interposito,</span> <span class='ocrx_word' id='word_1_207' title='bbox 1549 2078 1668 2120; x_wconf 92' lang='lat' dir='ltr'>nobis</span> 
     </span>
     <span class='ocr_line' id='line_1_30' title="bbox 277 2147 1667 2205; baseline -0.003 -14"><span class='ocrx_word' id='word_1_208' title='bbox 277 2150 423 2191; x_wconf 91' lang='lat' dir='ltr'>datum</span> <span class='ocrx_word' id='word_1_209' title='bbox 458 2149 523 2201; x_wconf 89' lang='lat' dir='ltr'>iri,</span> <span class='ocrx_word' id='word_1_210' title='bbox 558 2148 759 2205; x_wconf 90' lang='lat' dir='ltr'>quicquid</span> <span class='ocrx_word' id='word_1_211' title='bbox 793 2148 1004 2190; x_wconf 83' lang='lat' dir='ltr'>credentes</span> <span class='ocrx_word' id='word_1_212' title='bbox 1044 2148 1308 2205; x_wconf 88' lang='lat' dir='ltr'>petierimus;</span> <span class='ocrx_word' id='word_1_213' title='bbox 1353 2157 1394 2189; x_wconf 90' lang='lat' dir='ltr'>et</span> <span class='ocrx_word' id='word_1_214' title='bbox 1437 2148 1527 2204; x_wconf 87' lang='lat' dir='ltr'>ejus</span> <span class='ocrx_word' id='word_1_215' title='bbox 1569 2147 1667 2188; x_wconf 91' lang='lat' dir='ltr'>item</span> 
     </span>
     <span class='ocr_line' id='line_1_31' title="bbox 278 2215 1666 2274; baseline -0.002 -16"><span class='ocrx_word' id='word_1_216' title='bbox 278 2217 473 2274; x_wconf 89' lang='lat' dir='ltr'>Apostoli</span> <span class='ocrx_word' id='word_1_217' title='bbox 514 2225 667 2258; x_wconf 85' lang='lat' dir='ltr'>rectam</span> <span class='ocrx_word' id='word_1_218' title='bbox 712 2215 988 2272; x_wconf 85' lang='lat' dir='ltr'>precationem</span> <span class='ocrx_word' id='word_1_219' title='bbox 1038 2231 1089 2256; x_wconf 86' lang='lat' dir='ltr'>ex</span> <span class='ocrx_word' id='word_1_220' title='bbox 1141 2216 1247 2257; x_wconf 87' lang='lat' dir='ltr'>Fide</span> <span class='ocrx_word' id='word_1_221' title='bbox 1295 2230 1462 2257; x_wconf 83' lang='lat' dir='ltr'>manare</span> <span class='ocrx_word' id='word_1_222' title='bbox 1506 2215 1666 2256; x_wconf 89' lang='lat' dir='ltr'>docent.</span> 
     </span>
     <span class='ocr_line' id='line_1_32' title="bbox 280 2282 1667 2339; baseline -0.003 -14"><span class='ocrx_word' id='word_1_223' title='bbox 280 2284 463 2325; x_wconf 85' lang='lat' dir='ltr'>Proinde</span> <span class='ocrx_word' id='word_1_224' title='bbox 502 2283 782 2325; x_wconf 87' lang='lat' dir='ltr'>firmissimum</span> <span class='ocrx_word' id='word_1_225' title='bbox 822 2283 900 2324; x_wconf 91' lang='lat' dir='ltr'>hoc</span> <span class='ocrx_word' id='word_1_226' title='bbox 939 2283 1134 2324; x_wconf 86' lang='lat' dir='ltr'>orationis</span> <span class='ocrx_word' id='word_1_227' title='bbox 1162 2298 1314 2339; x_wconf 90' lang='lat' dir='ltr'>ponere</span> <span class='ocrx_word' id='word_1_228' title='bbox 1348 2282 1667 2323; x_wconf 85' lang='lat' dir='ltr'>fundamentum</span> 
     </span>
     <span class='ocr_line' id='line_1_33' title="bbox 278 2349 1669 2408; baseline -0.003 -15"><span class='ocrx_word' id='word_1_229' title='bbox 278 2364 480 2408; x_wconf 82' lang='lat' dir='ltr'>perpetuo</span> <span class='ocrx_word' id='word_1_230' title='bbox 517 2360 697 2408; x_wconf 90' lang='lat' dir='ltr'>oportet,</span> <span class='ocrx_word' id='word_1_231' title='bbox 735 2360 783 2392; x_wconf 94' lang='lat' dir='ltr'>ut</span> <span class='ocrx_word' id='word_1_232' title='bbox 821 2351 862 2391; x_wconf 93' lang='lat' dir='ltr'>in</span> <span class='ocrx_word' id='word_1_233' title='bbox 898 2361 1010 2392; x_wconf 86' lang='lat' dir='ltr'>certa</span> <span class='ocrx_word' id='word_1_234' title='bbox 1044 2360 1227 2407; x_wconf 75' lang='lat' dir='ltr'>paternae</span> <span class='ocrx_word' id='word_1_235' title='bbox 1256 2350 1451 2392; x_wconf 89' lang='lat' dir='ltr'>bonitatis</span> <span class='ocrx_word' id='word_1_236' title='bbox 1485 2349 1669 2390; x_wconf 79' lang='lat' dir='ltr'>zfiducia</span> 
     </span>
    </p>
   </div>
   <div class='ocr_carea' id='block_1_3' title="bbox 278 2454 1668 2763">
    <p class='ocr_par' dir='ltr' id='par_1_11' title="bbox 278 2454 1668 2763">
     <span class='ocr_line' id='line_1_34' title="bbox 321 2454 1667 2497; baseline -0.002 -10"><span class='ocrx_word' id='word_1_237' title='bbox 321 2465 336 2484; x_wconf 78' lang='grc' dir='ltr'><strong>Ρ</strong></span> <span class='ocrx_word' id='word_1_238' title='bbox 350 2459 445 2488; x_wconf 81' lang='lat' dir='ltr'>Joan.</span> <span class='ocrx_word' id='word_1_239' title='bbox 461 2457 525 2488; x_wconf 86' lang='lat' dir='ltr'>xiv.</span> <span class='ocrx_word' id='word_1_240' title='bbox 544 2467 593 2497; x_wconf 81' lang='lat'>13.</span> <span class='ocrx_word' id='word_1_241' title='bbox 617 2456 681 2487; x_wconf 78' lang='lat' dir='ltr'>xvi.</span> <span class='ocrx_word' id='word_1_242' title='bbox 701 2465 753 2495; x_wconf 78' lang='lat'>23,</span> <span class='ocrx_word' id='word_1_243' title='bbox 773 2455 823 2486; x_wconf 84' lang='lat'>26.</span> <span class='ocrx_word' id='word_1_244' title='bbox 1084 2463 1098 2481; x_wconf 80' lang='lat'>‘1</span> <span class='ocrx_word' id='word_1_245' title='bbox 1119 2458 1215 2486; x_wconf 81' lang='lat' dir='ltr'>Joan.</span> <span class='ocrx_word' id='word_1_246' title='bbox 1233 2466 1286 2486; x_wconf 81' lang='lat' dir='ltr'><strong>xv.</strong></span> <span class='ocrx_word' id='word_1_247' title='bbox 1302 2465 1333 2496; x_wconf 84' lang='lat'>5.</span> <span class='ocrx_word' id='word_1_248' title='bbox 1356 2456 1474 2495; x_wconf 86' lang='lat' dir='ltr'>Ephes.</span> <span class='ocrx_word' id='word_1_249' title='bbox 1490 2454 1524 2484; x_wconf 80' lang='lat' dir='ltr'>ii.</span> <span class='ocrx_word' id='word_1_250' title='bbox 1544 2463 1595 2491; x_wconf 89' lang='lat'>12,</span> <span class='ocrx_word' id='word_1_251' title='bbox 1616 2463 1667 2492; x_wconf 82' lang='lat'>13.</span> 
     </span>
     <span class='ocr_line' id='line_1_35' title="bbox 278 2504 1666 2550; baseline -0.002 -10"><span class='ocrx_word' id='word_1_252' title='bbox 278 2518 289 2531; x_wconf 65' lang='lat' dir='ltr'>r</span> <span class='ocrx_word' id='word_1_253' title='bbox 310 2519 320 2540; x_wconf 93' lang='lat'>1</span> <span class='ocrx_word' id='word_1_254' title='bbox 340 2511 438 2541; x_wconf 81' lang='lat' dir='ltr'>Thes.</span> <span class='ocrx_word' id='word_1_255' title='bbox 454 2510 475 2540; x_wconf 81' lang='lat' dir='ltr'>i.</span> <span class='ocrx_word' id='word_1_256' title='bbox 490 2520 518 2541; x_wconf 93' lang='lat'>2.</span> <span class='ocrx_word' id='word_1_257' title='bbox 542 2510 649 2541; x_wconf 93' lang='lat' dir='ltr'>Colos.</span> <span class='ocrx_word' id='word_1_258' title='bbox 664 2510 708 2540; x_wconf 84' lang='lat' dir='ltr'>iv.</span> <span class='ocrx_word' id='word_1_259' title='bbox 728 2519 758 2547; x_wconf 91' lang='lat'>2,</span> <span class='ocrx_word' id='word_1_260' title='bbox 776 2519 807 2548; x_wconf 85' lang='lat'>3.</span> <span class='ocrx_word' id='word_1_261' title='bbox 832 2510 948 2550; x_wconf 86' lang='lat' dir='ltr'>Ephes.</span> <span class='ocrx_word' id='word_1_262' title='bbox 966 2510 1008 2540; x_wconf 85' lang='lat' dir='ltr'>vi.</span> <span class='ocrx_word' id='word_1_263' title='bbox 1029 2510 1080 2546; x_wconf 89' lang='lat'>18,</span> <span class='ocrx_word' id='word_1_264' title='bbox 1103 2520 1150 2550; x_wconf 77' lang='lat'>19-</span> <span class='ocrx_word' id='word_1_265' title='bbox 1246 2516 1256 2529; x_wconf 79' lang='lat'>⁵</span> <span class='ocrx_word' id='word_1_266' title='bbox 1277 2519 1289 2540; x_wconf 91' lang='lat'>1</span> <span class='ocrx_word' id='word_1_267' title='bbox 1308 2509 1397 2540; x_wconf 85' lang='lat' dir='ltr'>Tim.</span> <span class='ocrx_word' id='word_1_268' title='bbox 1413 2504 1448 2539; x_wconf 70' lang='lat' dir='ltr'>ii.</span> <span class='ocrx_word' id='word_1_269' title='bbox 1466 2515 1496 2548; x_wconf 87' lang='lat'>5.</span> <span class='ocrx_word' id='word_1_270' title='bbox 1519 2507 1603 2538; x_wconf 91' lang='lat' dir='ltr'>Heb.</span> <span class='ocrx_word' id='word_1_271' title='bbox 1620 2507 1666 2537; x_wconf 84' lang='lat' dir='ltr'>ix.</span> 
     </span>
     <span class='ocr_line' id='line_1_36' title="bbox 284 2560 1667 2603; baseline -0.001 -12"><span class='ocrx_word' id='word_1_272' title='bbox 284 2569 331 2602; x_wconf 85' lang='lat'>15.</span> <span class='ocrx_word' id='word_1_273' title='bbox 472 2566 481 2583; x_wconf 64' lang='lat' dir='ltr'>t</span> <span class='ocrx_word' id='word_1_274' title='bbox 498 2564 591 2594; x_wconf 82' lang='lat' dir='ltr'>Rom.</span> <span class='ocrx_word' id='word_1_275' title='bbox 608 2563 631 2593; x_wconf 80' lang='lat' dir='ltr'>i.</span> <span class='ocrx_word' id='word_1_276' title='bbox 648 2573 679 2601; x_wconf 88' lang='lat'>2,</span> <span class='ocrx_word' id='word_1_277' title='bbox 696 2571 727 2603; x_wconf 84' lang='lat'>5.</span> <span class='ocrx_word' id='word_1_278' title='bbox 752 2563 794 2593; x_wconf 92' lang='lat' dir='ltr'>iv.</span> <span class='ocrx_word' id='word_1_279' title='bbox 814 2572 868 2600; x_wconf 88' lang='lat'>21,</span> <span class='ocrx_word' id='word_1_280' title='bbox 887 2572 938 2601; x_wconf 89' lang='lat'>24.</span> <span class='ocrx_word' id='word_1_281' title='bbox 964 2573 980 2593; x_wconf 92' lang='lat'>2</span> <span class='ocrx_word' id='word_1_282' title='bbox 998 2563 1072 2594; x_wconf 86' lang='lat' dir='ltr'>Cor.</span> <span class='ocrx_word' id='word_1_283' title='bbox 1089 2564 1110 2594; x_wconf 91' lang='lat' dir='ltr'>i.</span> <span class='ocrx_word' id='word_1_284' title='bbox 1128 2573 1180 2594; x_wconf 90' lang='lat'>20.</span> <span class='ocrx_word' id='word_1_285' title='bbox 1203 2563 1250 2593; x_wconf 82' lang='lat' dir='ltr'>iii.</span> <span class='ocrx_word' id='word_1_286' title='bbox 1266 2572 1300 2601; x_wconf 86' lang='lat'>4,</span> <span class='ocrx_word' id='word_1_287' title='bbox 1315 2572 1346 2602; x_wconf 87' lang='lat'><strong>5.</strong></span> <span class='ocrx_word' id='word_1_288' title='bbox 1370 2562 1442 2592; x_wconf 86' lang='lat' dir='ltr'>Gal.</span> <span class='ocrx_word' id='word_1_289' title='bbox 1460 2562 1507 2591; x_wconf 86' lang='lat' dir='ltr'>iii.</span> <span class='ocrx_word' id='word_1_290' title='bbox 1524 2570 1575 2591; x_wconf 88' lang='lat'><strong>22.</strong></span> <span class='ocrx_word' id='word_1_291' title='bbox 1598 2560 1667 2590; x_wconf 85' lang='lat' dir='ltr'>Tit.</span> 
     </span>
     <span class='ocr_line' id='line_1_37' title="bbox 279 2614 1667 2657; baseline -0.001 -12"><span class='ocrx_word' id='word_1_292' title='bbox 279 2615 300 2645; x_wconf 89' lang='lat' dir='ltr'>i.</span> <span class='ocrx_word' id='word_1_293' title='bbox 319 2624 347 2645; x_wconf 91' lang='lat'>2.</span> <span class='ocrx_word' id='word_1_294' title='bbox 406 2623 420 2636; x_wconf 72' lang='grc' dir='ltr'><strong><em>υ</em></strong></span> <span class='ocrx_word' id='word_1_295' title='bbox 439 2617 521 2647; x_wconf 88' lang='lat' dir='ltr'>Mat.</span> <span class='ocrx_word' id='word_1_296' title='bbox 539 2617 584 2647; x_wconf 86' lang='lat' dir='ltr'>ix.</span> <span class='ocrx_word' id='word_1_297' title='bbox 604 2627 654 2648; x_wconf 90' lang='lat'>10.</span> <span class='ocrx_word' id='word_1_298' title='bbox 679 2617 750 2647; x_wconf 83' lang='lat' dir='ltr'>Job.</span> <span class='ocrx_word' id='word_1_299' title='bbox 768 2617 832 2647; x_wconf 84' lang='lat' dir='ltr'>xiv.</span> <span class='ocrx_word' id='word_1_300' title='bbox 854 2626 903 2657; x_wconf 85' lang='lat'>15,</span> <span class='ocrx_word' id='word_1_301' title='bbox 923 2617 971 2648; x_wconf 89' lang='lat'><strong>16.</strong></span> <span class='ocrx_word' id='word_1_302' title='bbox 995 2628 1048 2648; x_wconf 81' lang='lat' dir='ltr'>xv.</span> <span class='ocrx_word' id='word_1_303' title='bbox 1066 2616 1116 2653; x_wconf 87' lang='lat'>16,</span> <span class='ocrx_word' id='word_1_304' title='bbox 1134 2626 1185 2648; x_wconf 85' lang='lat'>21.</span> <span class='ocrx_word' id='word_1_305' title='bbox 1209 2617 1273 2647; x_wconf 78' lang='lat' dir='ltr'>xvi.</span> <span class='ocrx_word' id='word_1_306' title='bbox 1291 2624 1344 2652; x_wconf 88' lang='grc' dir='ltr'>2ο,</span> <span class='ocrx_word' id='word_1_307' title='bbox 1363 2625 1416 2653; x_wconf 89' lang='lat'>21,</span> <span class='ocrx_word' id='word_1_308' title='bbox 1435 2623 1484 2646; x_wconf 89' lang='lat'>22.</span> <span class='ocrx_word' id='word_1_309' title='bbox 1551 2620 1566 2634; x_wconf 67' lang='lat' dir='ltr'>x</span> <span class='ocrx_word' id='word_1_310' title='bbox 1581 2614 1667 2644; x_wconf 83' lang='lat' dir='ltr'>Psal.</span> 
     </span>
     <span class='ocr_line' id='line_1_38' title="bbox 279 2667 1666 2707; baseline -0.001 -10"><span class='ocrx_word' id='word_1_311' title='bbox 279 2667 369 2698; x_wconf 87' lang='lat' dir='ltr'>xxix.</span> <span class='ocrx_word' id='word_1_312' title='bbox 387 2677 415 2704; x_wconf 90' lang='lat'>1,</span> <span class='ocrx_word' id='word_1_313' title='bbox 435 2677 463 2698; x_wconf 92' lang='lat'>2.</span> <span class='ocrx_word' id='word_1_314' title='bbox 487 2669 558 2700; x_wconf 90' lang='lat' dir='ltr'>Act.</span> <span class='ocrx_word' id='word_1_315' title='bbox 576 2670 626 2699; x_wconf 81' lang='lat' dir='ltr'>iii.</span> <span class='ocrx_word' id='word_1_316' title='bbox 645 2679 697 2707; x_wconf 91' lang='lat'>12,</span> <span class='ocrx_word' id='word_1_317' title='bbox 718 2669 767 2700; x_wconf 91' lang='lat'>16.</span> <span class='ocrx_word' id='word_1_318' title='bbox 897 2677 911 2696; x_wconf 73' lang='lat' dir='ltr'>y</span> <span class='ocrx_word' id='word_1_319' title='bbox 928 2671 1009 2701; x_wconf 83' lang='lat' dir='ltr'>Mat.</span> <span class='ocrx_word' id='word_1_320' title='bbox 1025 2670 1091 2701; x_wconf 78' lang='lat' dir='ltr'>xxi.</span> <span class='ocrx_word' id='word_1_321' title='bbox 1112 2680 1161 2701; x_wconf 90' lang='lat'>21.</span> <span class='ocrx_word' id='word_1_322' title='bbox 1186 2671 1270 2700; x_wconf 84' lang='lat' dir='ltr'>Mar.</span> <span class='ocrx_word' id='word_1_323' title='bbox 1288 2669 1332 2700; x_wconf 87' lang='lat' dir='ltr'>xi.</span> <span class='ocrx_word' id='word_1_324' title='bbox 1351 2677 1403 2706; x_wconf 85' lang='grc'>22,</span> <span class='ocrx_word' id='word_1_325' title='bbox 1423 2677 1476 2706; x_wconf 82' lang='grc'>23,</span> <span class='ocrx_word' id='word_1_326' title='bbox 1496 2675 1546 2705; x_wconf 91' lang='lat'>24.</span> <span class='ocrx_word' id='word_1_327' title='bbox 1569 2668 1666 2696; x_wconf 78' lang='lat' dir='ltr'>Joan.</span> 
     </span>
     <span class='ocr_line' id='line_1_39' title="bbox 279 2721 1668 2763; baseline 0 -12"><span class='ocrx_word' id='word_1_328' title='bbox 279 2721 344 2751; x_wconf 76' lang='lat' dir='ltr'>xvi.</span> <span class='ocrx_word' id='word_1_329' title='bbox 362 2730 412 2760; x_wconf 83' lang='lat'>23.</span> <span class='ocrx_word' id='word_1_330' title='bbox 435 2722 506 2753; x_wconf 81' lang='lat' dir='ltr'>Jac.</span> <span class='ocrx_word' id='word_1_331' title='bbox 523 2723 543 2752; x_wconf 82' lang='lat' dir='ltr'>i.</span> <span class='ocrx_word' id='word_1_332' title='bbox 561 2722 590 2753; x_wconf 91' lang='lat'><strong>6.</strong></span> <span class='ocrx_word' id='word_1_333' title='bbox 614 2733 643 2753; x_wconf 91' lang='lat' dir='ltr'><strong>v.</strong></span> <span class='ocrx_word' id='word_1_334' title='bbox 662 2732 713 2763; x_wconf 85' lang='lat'>15,</span> <span class='ocrx_word' id='word_1_335' title='bbox 735 2723 782 2754; x_wconf 86' lang='lat'>16.</span> <span class='ocrx_word' id='word_1_336' title='bbox 902 2730 913 2744; x_wconf 72' lang='grc' dir='ltr'><strong>Ζ</strong></span> <span class='ocrx_word' id='word_1_337' title='bbox 930 2724 1013 2755; x_wconf 86' lang='lat' dir='ltr'>Mat.</span> <span class='ocrx_word' id='word_1_338' title='bbox 1029 2725 1082 2755; x_wconf 83' lang='lat' dir='ltr'>vii.</span> <span class='ocrx_word' id='word_1_339' title='bbox 1103 2734 1150 2755; x_wconf 89' lang='lat'>10.</span> <span class='ocrx_word' id='word_1_340' title='bbox 1177 2724 1258 2754; x_wconf 92' lang='lat' dir='ltr'>Heb.</span> <span class='ocrx_word' id='word_1_341' title='bbox 1275 2723 1318 2754; x_wconf 88' lang='lat' dir='ltr'>iv.</span> <span class='ocrx_word' id='word_1_342' title='bbox 1337 2721 1385 2753; x_wconf 91' lang='lat'>16.</span> <span class='ocrx_word' id='word_1_343' title='bbox 1408 2732 1440 2751; x_wconf 83' lang='lat' dir='ltr'>x.</span> <span class='ocrx_word' id='word_1_344' title='bbox 1459 2730 1509 2751; x_wconf 89' lang='lat'>22.</span> <span class='ocrx_word' id='word_1_345' title='bbox 1538 2731 1550 2751; x_wconf 86' lang='lat'>1</span> <span class='ocrx_word' id='word_1_346' title='bbox 1569 2721 1668 2751; x_wconf 74' lang='lat' dir='ltr'>Joan.</span> 
     </span>
    </p>
   </div>
   <div class='ocr_carea' id='block_1_4' title="bbox 279 2784 376 2813">
    <p class='ocr_par' dir='ltr' id='par_1_12' title="bbox 279 2784 376 2813">
     <span class='ocr_line' id='line_1_40' title="bbox 279 2784 376 2813; baseline 0 -8"><span class='ocrx_word' id='word_1_347' title='bbox 279 2785 308 2805; x_wconf 90' lang='lat' dir='ltr'><strong>v.</strong></span> <span class='ocrx_word' id='word_1_348' title='bbox 328 2784 376 2813; x_wconf 85' lang='lat'>¹4·</span> 
     </span>
    </p>
   </div>
  </div>
 </body>
</html>
