<?xml version="1.0" encoding="UTF-8"?>
<!DOCTYPE html PUBLIC "-//W3C//DTD XHTML 1.0 Transitional//EN"
    "http://www.w3.org/TR/xhtml1/DTD/xhtml1-transitional.dtd">
<html xmlns="http://www.w3.org/1999/xhtml" xml:lang="en" lang="en">
 <head>
  <title>
</title>
<meta http-equiv="Content-Type" content="text/html;charset=utf-8" />
  <meta name='ocr-system' content='tesseract 3.04.00' />
  <meta name='ocr-capabilities' content='ocr_page ocr_carea ocr_par ocr_line ocrx_word'/>
</head>
<body>
  <div class='ocr_page' id='page_1' title='image "./enchiridiontheol01rand_0266.png"; bbox 0 0 1799 3077; ppageno 0'>
   <div class='ocr_carea' id='block_1_1' title="bbox 227 142 1295 187">
    <p class='ocr_par' dir='ltr' id='par_1_1' title="bbox 227 142 1295 187">
     <span class='ocr_line' id='line_1_1' title="bbox 227 142 1295 187; baseline -0.003 -1"><span class='ocrx_word' id='word_1_1' title='bbox 227 146 313 187; x_wconf 66' lang='lat'>252</span> <span class='ocrx_word' id='word_1_2' title='bbox 559 143 795 185; x_wconf 90' lang='lat' dir='ltr'>NOELLI</span> <span class='ocrx_word' id='word_1_3' title='bbox 829 142 1295 184; x_wconf 88' lang='lat' dir='ltr'><strong>CATECHISMUS.</strong></span> 
     </span>
    </p>
   </div>
   <div class='ocr_carea' id='block_1_2' title="bbox 228 254 1619 381">
    <p class='ocr_par' dir='ltr' id='par_1_2' title="bbox 228 254 1619 381">
     <span class='ocr_line' id='line_1_2' title="bbox 229 254 1619 314; baseline -0.001 -15"><span class='ocrx_word' id='word_1_4' title='bbox 229 258 310 300; x_wconf 88' lang='lat' dir='ltr'>Dei</span> <span class='ocrx_word' id='word_1_5' title='bbox 332 257 427 299; x_wconf 83' lang='lat' dir='ltr'>Filii</span> <span class='ocrx_word' id='word_1_6' title='bbox 448 267 757 314; x_wconf 77' lang='lat' dir='ltr'>nuncupentur,</span> <span class='ocrx_word' id='word_1_7' title='bbox 779 256 991 312; x_wconf 91' lang='lat' dir='ltr'>quomodo</span> <span class='ocrx_word' id='word_1_8' title='bbox 1013 255 1227 298; x_wconf 83' lang='lat' dir='ltr'>Christum</span> <span class='ocrx_word' id='word_1_9' title='bbox 1250 254 1404 296; x_wconf 90' lang='lat' dir='ltr'>Filium</span> <span class='ocrx_word' id='word_1_10' title='bbox 1427 255 1508 297; x_wconf 85' lang='lat' dir='ltr'>Dei</span> <span class='ocrx_word' id='word_1_11' title='bbox 1530 256 1619 297; x_wconf 89' lang='lat' dir='ltr'>uni-</span> 
     </span>
     <span class='ocr_line' id='line_1_3' title="bbox 228 324 557 381; baseline -0.006 -15"><span class='ocrx_word' id='word_1_12' title='bbox 228 340 321 366; x_wconf 87' lang='lat' dir='ltr'>cum</span> <span class='ocrx_word' id='word_1_13' title='bbox 345 324 557 381; x_wconf 82' lang='lat' dir='ltr'>appellas?</span> 
     </span>
    </p>
   </div>
   <div class='ocr_carea' id='block_1_3' title="bbox 230 390 1634 1336">
    <p class='ocr_par' dir='ltr' id='par_1_3' title="bbox 230 390 1627 927">
     <span class='ocr_line' id='line_1_4' title="bbox 289 390 1623 442; baseline -0.002 -8"><span class='ocrx_word' id='word_1_14' title='bbox 289 395 343 434; x_wconf 82' lang='lat' dir='ltr'><strong>A.</strong></span> <span class='ocrx_word' id='word_1_15' title='bbox 379 393 514 434; x_wconf 87' lang='lat' dir='ltr'>Solius</span> <span class='ocrx_word' id='word_1_16' title='bbox 536 391 692 433; x_wconf 85' lang='lat' dir='ltr'>Christi</span> <span class='ocrx_word' id='word_1_17' title='bbox 720 392 837 432; x_wconf 90' lang='lat' dir='ltr'>Deus</span> <span class='ocrx_word' id='word_1_18' title='bbox 857 390 878 420; x_wconf 87' lang='lat' dir='ltr'>b</span> <span class='ocrx_word' id='word_1_19' title='bbox 892 391 1091 432; x_wconf 87' lang='lat' dir='ltr'>naturalis</span> <span class='ocrx_word' id='word_1_20' title='bbox 1117 401 1179 432; x_wconf 86' lang='lat' dir='ltr'>est</span> <span class='ocrx_word' id='word_1_21' title='bbox 1207 392 1347 442; x_wconf 87' lang='lat' dir='ltr'>Pater,</span> <span class='ocrx_word' id='word_1_22' title='bbox 1370 390 1480 432; x_wconf 88' lang='lat' dir='ltr'>solus</span> <span class='ocrx_word' id='word_1_23' title='bbox 1502 390 1623 432; x_wconf 85' lang='lat' dir='ltr'>Chri-</span> 
     </span>
     <span class='ocr_line' id='line_1_5' title="bbox 230 458 1624 515; baseline -0.002 -13"><span class='ocrx_word' id='word_1_24' title='bbox 230 472 318 502; x_wconf 90' lang='lat' dir='ltr'>stus</span> <span class='ocrx_word' id='word_1_25' title='bbox 338 470 488 502; x_wconf 83' lang='lat' dir='ltr'>natura</span> <span class='ocrx_word' id='word_1_26' title='bbox 508 459 589 501; x_wconf 90' lang='lat' dir='ltr'>Dei</span> <span class='ocrx_word' id='word_1_27' title='bbox 610 459 744 500; x_wconf 86' lang='lat' dir='ltr'>Filius</span> <span class='ocrx_word' id='word_1_28' title='bbox 769 468 844 510; x_wconf 89' lang='lat' dir='ltr'>est,</span> <span class='ocrx_word' id='word_1_29' title='bbox 867 469 916 500; x_wconf 88' lang='lat' dir='ltr'>ut</span> <span class='ocrx_word' id='word_1_30' title='bbox 936 459 1009 515; x_wconf 93' lang='lat' dir='ltr'>qui</span> <span class='ocrx_word' id='word_1_31' title='bbox 1029 475 1081 500; x_wconf 87' lang='lat' dir='ltr'>ex</span> <span class='ocrx_word' id='word_1_32' title='bbox 1103 459 1332 500; x_wconf 86' lang='lat' dir='ltr'>substantia</span> <span class='ocrx_word' id='word_1_33' title='bbox 1352 459 1490 500; x_wconf 89' lang='lat' dir='ltr'>Patris</span> <span class='ocrx_word' id='word_1_34' title='bbox 1509 458 1624 515; x_wconf 85' lang='lat' dir='ltr'>geni-</span> 
     </span>
     <span class='ocr_line' id='line_1_6' title="bbox 231 526 1623 584; baseline -0.003 -14"><span class='ocrx_word' id='word_1_35' title='bbox 231 539 313 580; x_wconf 84' lang='lat' dir='ltr'>tus,</span> <span class='ocrx_word' id='word_1_36' title='bbox 335 528 541 584; x_wconf 87' lang='lat' dir='ltr'>uniusque</span> <span class='ocrx_word' id='word_1_37' title='bbox 562 543 657 569; x_wconf 91' lang='lat' dir='ltr'>cum</span> <span class='ocrx_word' id='word_1_38' title='bbox 683 529 808 568; x_wconf 87' lang='lat' dir='ltr'>Patre</span> <span class='ocrx_word' id='word_1_39' title='bbox 839 526 1023 568; x_wconf 87' lang='lat' dir='ltr'>essentiae</span> <span class='ocrx_word' id='word_1_40' title='bbox 1053 535 1139 574; x_wconf 86' lang='lat' dir='ltr'>est;</span> <span class='ocrx_word' id='word_1_41' title='bbox 1171 542 1245 567; x_wconf 90' lang='lat' dir='ltr'>nos</span> <span class='ocrx_word' id='word_1_42' title='bbox 1266 542 1362 568; x_wconf 88' lang='lat' dir='ltr'>vero</span> <span class='ocrx_word' id='word_1_43' title='bbox 1383 528 1501 568; x_wconf 88' lang='lat' dir='ltr'>Deus</span> <span class='ocrx_word' id='word_1_44' title='bbox 1530 541 1623 582; x_wconf 85' lang='lat' dir='ltr'>gra-</span> 
     </span>
     <span class='ocr_line' id='line_1_7' title="bbox 232 593 1624 653; baseline -0.004 -14"><span class='ocrx_word' id='word_1_45' title='bbox 232 598 340 639; x_wconf 87' lang='lat' dir='ltr'>tuito</span> <span class='ocrx_word' id='word_1_46' title='bbox 363 612 437 653; x_wconf 89' lang='lat' dir='ltr'>per</span> <span class='ocrx_word' id='word_1_47' title='bbox 459 595 673 638; x_wconf 83' lang='lat' dir='ltr'>Christum</span> <span class='ocrx_word' id='word_1_48' title='bbox 696 594 824 636; x_wconf 85' lang='lat' dir='ltr'>Filios</span> <span class='ocrx_word' id='word_1_49' title='bbox 845 594 921 635; x_wconf 90' lang='lat' dir='ltr'>sibi</span> <span class='ocrx_word' id='word_1_50' title='bbox 941 593 1083 635; x_wconf 86' lang='lat' dir='ltr'>ascivit</span> <span class='ocrx_word' id='word_1_51' title='bbox 1104 603 1229 650; x_wconf 84' lang='lat' dir='ltr'>atque</span> <span class='ocrx_word' id='word_1_52' title='bbox 1249 594 1477 650; x_wconf 87' lang='lat' dir='ltr'>adoptavit.</span> <span class='ocrx_word' id='word_1_53' title='bbox 1538 595 1624 634; x_wconf 86' lang='lat' dir='ltr'>Ita-</span> 
     </span>
     <span class='ocr_line' id='line_1_8' title="bbox 233 662 1620 722; baseline -0.003 -16"><span class='ocrx_word' id='word_1_54' title='bbox 233 682 316 722; x_wconf 87' lang='lat' dir='ltr'>que</span> <span class='ocrx_word' id='word_1_55' title='bbox 339 665 553 706; x_wconf 82' lang='lat' dir='ltr'>Christum</span> <span class='ocrx_word' id='word_1_56' title='bbox 574 665 741 704; x_wconf 89' lang='lat' dir='ltr'>unicum</span> <span class='ocrx_word' id='word_1_57' title='bbox 764 663 846 704; x_wconf 92' lang='lat' dir='ltr'>Dei</span> <span class='ocrx_word' id='word_1_58' title='bbox 871 662 1026 704; x_wconf 86' lang='lat' dir='ltr'>Filium</span> <span class='ocrx_word' id='word_1_59' title='bbox 1057 671 1166 703; x_wconf 88' lang='lat' dir='ltr'>recte</span> <span class='ocrx_word' id='word_1_60' title='bbox 1195 662 1469 718; x_wconf 85' lang='lat' dir='ltr'>agnoscimus,</span> <span class='ocrx_word' id='word_1_61' title='bbox 1490 676 1620 717; x_wconf 91' lang='lat' dir='ltr'>quum</span> 
     </span>
     <span class='ocr_line' id='line_1_9' title="bbox 234 730 1627 787; baseline -0.004 -12"><span class='ocrx_word' id='word_1_62' title='bbox 234 735 301 776; x_wconf 90' lang='lat' dir='ltr'>hic</span> <span class='ocrx_word' id='word_1_63' title='bbox 320 734 379 774; x_wconf 90' lang='lat' dir='ltr'>illi</span> <span class='ocrx_word' id='word_1_64' title='bbox 398 733 545 782; x_wconf 87' lang='lat' dir='ltr'>honor,</span> <span class='ocrx_word' id='word_1_65' title='bbox 567 747 642 773; x_wconf 89' lang='lat' dir='ltr'>suo</span> <span class='ocrx_word' id='word_1_66' title='bbox 673 746 918 787; x_wconf 88' lang='lat' dir='ltr'>summoque</span> <span class='ocrx_word' id='word_1_67' title='bbox 942 731 1039 787; x_wconf 87' lang='lat' dir='ltr'>jure</span> <span class='ocrx_word' id='word_1_68' title='bbox 1069 730 1296 779; x_wconf 79' lang='lat' dir='ltr'>debeatur3</span> <span class='ocrx_word' id='word_1_69' title='bbox 1331 730 1535 771; x_wconf 87' lang='lat' dir='ltr'>Filiorum</span> <span class='ocrx_word' id='word_1_70' title='bbox 1566 740 1627 770; x_wconf 87' lang='lat' dir='ltr'>ta-</span> 
     </span>
     <span class='ocr_line' id='line_1_10' title="bbox 235 798 1625 857; baseline -0.004 -14"><span class='ocrx_word' id='word_1_71' title='bbox 235 818 329 844; x_wconf 86' lang='lat' dir='ltr'>men</span> <span class='ocrx_word' id='word_1_72' title='bbox 350 816 498 843; x_wconf 88' lang='lat' dir='ltr'>nomen</span> <span class='ocrx_word' id='word_1_73' title='bbox 520 799 752 857; x_wconf 85' lang='lat' dir='ltr'>adoptionis</span> <span class='ocrx_word' id='word_1_74' title='bbox 773 809 790 828; x_wconf 84' lang='lat' dir='ltr'>c</span> <span class='ocrx_word' id='word_1_75' title='bbox 797 800 895 856; x_wconf 84' lang='lat' dir='ltr'>jure</span> <span class='ocrx_word' id='word_1_76' title='bbox 915 799 1129 840; x_wconf 87' lang='lat' dir='ltr'>nobiscum</span> <span class='ocrx_word' id='word_1_77' title='bbox 1160 798 1283 840; x_wconf 87' lang='lat' dir='ltr'>etiam</span> <span class='ocrx_word' id='word_1_78' title='bbox 1314 814 1388 855; x_wconf 89' lang='lat' dir='ltr'>per</span> <span class='ocrx_word' id='word_1_79' title='bbox 1410 798 1625 840; x_wconf 88' lang='lat' dir='ltr'>Christum</span> 
     </span>
     <span class='ocr_line' id='line_1_11' title="bbox 235 869 719 927; baseline -0.006 -15"><span class='ocrx_word' id='word_1_80' title='bbox 235 871 364 927; x_wconf 86' lang='lat' dir='ltr'>gratis</span> <span class='ocrx_word' id='word_1_81' title='bbox 382 869 719 911; x_wconf 85' lang='lat' dir='ltr'>communicatur.</span> 
     </span>
    </p>

    <p class='ocr_par' dir='ltr' id='par_1_4' title="bbox 295 935 1534 992">
     <span class='ocr_line' id='line_1_12' title="bbox 295 935 1534 992; baseline -0.003 -12"><span class='ocrx_word' id='word_1_82' title='bbox 295 940 360 980; x_wconf 90' lang='lat' dir='ltr'>M.</span> <span class='ocrx_word' id='word_1_83' title='bbox 392 939 422 979; x_wconf 87' lang='lat' dir='ltr'><strong>J</strong></span> <span class='ocrx_word' id='word_1_84' title='bbox 425 953 493 979; x_wconf 90' lang='lat' dir='ltr'>am</span> <span class='ocrx_word' id='word_1_85' title='bbox 514 937 745 979; x_wconf 89' lang='lat' dir='ltr'>Dominum</span> <span class='ocrx_word' id='word_1_86' title='bbox 765 951 851 977; x_wconf 89' lang='lat' dir='ltr'>esse</span> <span class='ocrx_word' id='word_1_87' title='bbox 871 944 1060 977; x_wconf 89' lang='lat' dir='ltr'>nostrum</span> <span class='ocrx_word' id='word_1_88' title='bbox 1080 935 1291 992; x_wconf 89' lang='lat' dir='ltr'>quomodo</span> <span class='ocrx_word' id='word_1_89' title='bbox 1310 935 1534 991; x_wconf 85' lang='lat' dir='ltr'>intelligis?</span> 
     </span>
    </p>

    <p class='ocr_par' dir='ltr' id='par_1_5' title="bbox 238 1003 1634 1336">
     <span class='ocr_line' id='line_1_13' title="bbox 295 1003 1629 1062; baseline -0.003 -14"><span class='ocrx_word' id='word_1_90' title='bbox 295 1009 351 1049; x_wconf 88' lang='lat' dir='ltr'><strong>A.</strong></span> <span class='ocrx_word' id='word_1_91' title='bbox 385 1007 509 1058; x_wconf 82' lang='lat' dir='ltr'>Quod</span> <span class='ocrx_word' id='word_1_92' title='bbox 540 1005 827 1062; x_wconf 88' lang='lat' dir='ltr'>Principatum</span> <span class='ocrx_word' id='word_1_93' title='bbox 854 1005 912 1045; x_wconf 92' lang='lat' dir='ltr'>illi</span> <span class='ocrx_word' id='word_1_94' title='bbox 943 1007 1070 1046; x_wconf 90' lang='lat' dir='ltr'>Pater</span> <span class='ocrx_word' id='word_1_95' title='bbox 1099 1005 1140 1046; x_wconf 88' lang='lat' dir='ltr'>in</span> <span class='ocrx_word' id='word_1_96' title='bbox 1162 1004 1394 1054; x_wconf 83' lang='lat' dir='ltr'>dhomines,</span> <span class='ocrx_word' id='word_1_97' title='bbox 1425 1003 1629 1059; x_wconf 85' lang='lat' dir='ltr'>Angelos,</span> 
     </span>
     <span class='ocr_line' id='line_1_14' title="bbox 238 1071 1632 1132; baseline -0.004 -15"><span class='ocrx_word' id='word_1_98' title='bbox 238 1085 365 1132; x_wconf 88' lang='lat' dir='ltr'>atque</span> <span class='ocrx_word' id='word_1_99' title='bbox 389 1075 578 1115; x_wconf 86' lang='lat' dir='ltr'>universa</span> <span class='ocrx_word' id='word_1_100' title='bbox 597 1073 816 1121; x_wconf 78' lang='lat' dir='ltr'>detulerit3</span> <span class='ocrx_word' id='word_1_101' title='bbox 849 1073 1047 1129; x_wconf 88' lang='lat' dir='ltr'>quodque</span> <span class='ocrx_word' id='word_1_102' title='bbox 1069 1072 1149 1114; x_wconf 91' lang='lat' dir='ltr'>Dei</span> <span class='ocrx_word' id='word_1_103' title='bbox 1176 1088 1352 1129; x_wconf 84' lang='lat' dir='ltr'>regnum</span> <span class='ocrx_word' id='word_1_104' title='bbox 1372 1072 1413 1112; x_wconf 90' lang='lat' dir='ltr'>in</span> <span class='ocrx_word' id='word_1_105' title='bbox 1435 1071 1539 1113; x_wconf 89' lang='lat' dir='ltr'>coelo</span> <span class='ocrx_word' id='word_1_106' title='bbox 1558 1086 1632 1127; x_wconf 82' lang='lat' dir='ltr'>pa-</span> 
     </span>
     <span class='ocr_line' id='line_1_15' title="bbox 240 1140 1631 1198; baseline -0.004 -13"><span class='ocrx_word' id='word_1_107' title='bbox 240 1145 340 1186; x_wconf 87' lang='lat' dir='ltr'>riter</span> <span class='ocrx_word' id='word_1_108' title='bbox 361 1159 407 1184; x_wconf 89' lang='lat' dir='ltr'>ac</span> <span class='ocrx_word' id='word_1_109' title='bbox 427 1143 469 1184; x_wconf 94' lang='lat' dir='ltr'>in</span> <span class='ocrx_word' id='word_1_110' title='bbox 490 1153 600 1184; x_wconf 85' lang='lat' dir='ltr'>terra</span> <span class='ocrx_word' id='word_1_111' title='bbox 621 1151 727 1183; x_wconf 85' lang='lat' dir='ltr'>nutu</span> <span class='ocrx_word' id='word_1_112' title='bbox 744 1151 870 1197; x_wconf 88' lang='lat' dir='ltr'>atque</span> <span class='ocrx_word' id='word_1_113' title='bbox 890 1150 1093 1198; x_wconf 85' lang='lat' dir='ltr'>potestate</span> <span class='ocrx_word' id='word_1_114' title='bbox 1114 1157 1188 1182; x_wconf 90' lang='lat' dir='ltr'>sua</span> <span class='ocrx_word' id='word_1_115' title='bbox 1207 1140 1476 1181; x_wconf 86' lang='lat' dir='ltr'>administret.</span> <span class='ocrx_word' id='word_1_116' title='bbox 1518 1140 1631 1180; x_wconf 89' lang='lat' dir='ltr'>Hinc</span> 
     </span>
     <span class='ocr_line' id='line_1_16' title="bbox 242 1208 1634 1266; baseline -0.004 -13"><span class='ocrx_word' id='word_1_117' title='bbox 242 1227 341 1253; x_wconf 90' lang='lat' dir='ltr'>vero</span> <span class='ocrx_word' id='word_1_118' title='bbox 361 1211 638 1252; x_wconf 83' lang='lat' dir='ltr'>admonentur</span> <span class='ocrx_word' id='word_1_119' title='bbox 657 1210 715 1266; x_wconf 89' lang='lat' dir='ltr'>pii</span> <span class='ocrx_word' id='word_1_120' title='bbox 735 1225 890 1259; x_wconf 84' lang='lat' dir='ltr'>omnes,</span> <span class='ocrx_word' id='word_1_121' title='bbox 913 1225 995 1250; x_wconf 91' lang='lat' dir='ltr'>non</span> <span class='ocrx_word' id='word_1_122' title='bbox 1017 1209 1076 1250; x_wconf 87' lang='lat' dir='ltr'>sui</span> <span class='ocrx_word' id='word_1_123' title='bbox 1101 1219 1117 1238; x_wconf 70' lang='lat'>&lt;³</span> <span class='ocrx_word' id='word_1_124' title='bbox 1134 1225 1174 1251; x_wconf 88' lang='lat' dir='ltr'>se</span> <span class='ocrx_word' id='word_1_125' title='bbox 1190 1209 1297 1266; x_wconf 81' lang='lat' dir='ltr'>juris</span> <span class='ocrx_word' id='word_1_126' title='bbox 1317 1225 1416 1259; x_wconf 84' lang='lat' dir='ltr'>esse,</span> <span class='ocrx_word' id='word_1_127' title='bbox 1435 1208 1505 1249; x_wconf 88' lang='lat' dir='ltr'>sed</span> <span class='ocrx_word' id='word_1_128' title='bbox 1526 1217 1634 1249; x_wconf 85' lang='lat' dir='ltr'>totos</span> 
     </span>
     <span class='ocr_line' id='line_1_17' title="bbox 244 1276 1634 1336; baseline -0.003 -15"><span class='ocrx_word' id='word_1_129' title='bbox 244 1290 333 1322; x_wconf 91' lang='lat' dir='ltr'>tum</span> <span class='ocrx_word' id='word_1_130' title='bbox 364 1279 619 1336; x_wconf 74' lang='lat' dir='ltr'>corporibus,</span> <span class='ocrx_word' id='word_1_131' title='bbox 643 1288 733 1319; x_wconf 87' lang='lat' dir='ltr'>tum</span> <span class='ocrx_word' id='word_1_132' title='bbox 763 1278 922 1328; x_wconf 88' lang='lat' dir='ltr'>animis,</span> <span class='ocrx_word' id='word_1_133' title='bbox 945 1287 1034 1319; x_wconf 90' lang='lat' dir='ltr'>tum</span> <span class='ocrx_word' id='word_1_134' title='bbox 1065 1278 1107 1318; x_wconf 92' lang='lat' dir='ltr'>in</span> <span class='ocrx_word' id='word_1_135' title='bbox 1129 1278 1226 1328; x_wconf 91' lang='lat' dir='ltr'>vita,</span> <span class='ocrx_word' id='word_1_136' title='bbox 1248 1286 1339 1318; x_wconf 93' lang='lat' dir='ltr'>tum</span> <span class='ocrx_word' id='word_1_137' title='bbox 1368 1277 1411 1317; x_wconf 92' lang='lat' dir='ltr'>in</span> <span class='ocrx_word' id='word_1_138' title='bbox 1440 1286 1571 1317; x_wconf 89' lang='lat' dir='ltr'>morte</span> <span class='ocrx_word' id='word_1_139' title='bbox 1591 1276 1634 1316; x_wconf 88' lang='lat' dir='ltr'>in</span> 
     </span>
    </p>
   </div>
   <div class='ocr_carea' id='block_1_4' title="bbox 245 1344 1633 1538">
    <p class='ocr_par' dir='ltr' id='par_1_6' title="bbox 245 1344 1633 1538">
     <span class='ocr_line' id='line_1_18' title="bbox 245 1344 1633 1403; baseline -0.002 -14"><span class='ocrx_word' id='word_1_140' title='bbox 245 1348 415 1390; x_wconf 86' lang='lat' dir='ltr'>Domini</span> <span class='ocrx_word' id='word_1_141' title='bbox 446 1348 510 1388; x_wconf 89' lang='lat' dir='ltr'>sui</span> <span class='ocrx_word' id='word_1_142' title='bbox 539 1363 625 1388; x_wconf 89' lang='lat' dir='ltr'>esse</span> <span class='ocrx_word' id='word_1_143' title='bbox 653 1356 870 1403; x_wconf 86' lang='lat' dir='ltr'>potestate,</span> <span class='ocrx_word' id='word_1_144' title='bbox 893 1346 959 1388; x_wconf 90' lang='lat' dir='ltr'>cui</span> <span class='ocrx_word' id='word_1_145' title='bbox 980 1355 1028 1387; x_wconf 90' lang='lat' dir='ltr'>ut</span> <span class='ocrx_word' id='word_1_146' title='bbox 1049 1362 1185 1388; x_wconf 86' lang='lat' dir='ltr'>servos</span> <span class='ocrx_word' id='word_1_147' title='bbox 1207 1345 1426 1387; x_wconf 86' lang='lat' dir='ltr'>fidissimos</span> <span class='ocrx_word' id='word_1_148' title='bbox 1451 1344 1633 1395; x_wconf 80' lang='lat' dir='ltr'>obedire,</span> 
     </span>
     <span class='ocr_line' id='line_1_19' title="bbox 245 1415 1056 1470; baseline -0.004 -12"><span class='ocrx_word' id='word_1_149' title='bbox 245 1427 287 1458; x_wconf 86' lang='lat' dir='ltr'>et</span> <span class='ocrx_word' id='word_1_150' title='bbox 306 1416 349 1457; x_wconf 92' lang='lat' dir='ltr'>in</span> <span class='ocrx_word' id='word_1_151' title='bbox 369 1415 562 1457; x_wconf 88' lang='lat' dir='ltr'>omnibus</span> <span class='ocrx_word' id='word_1_152' title='bbox 582 1415 862 1456; x_wconf 84' lang='lat' dir='ltr'>obsecundare</span> <span class='ocrx_word' id='word_1_153' title='bbox 882 1423 1056 1470; x_wconf 86' lang='lat' dir='ltr'>oportet.</span> 
     </span>
     <span class='ocr_line' id='line_1_20' title="bbox 304 1482 920 1538; baseline -0.005 -13"><span class='ocrx_word' id='word_1_154' title='bbox 304 1485 368 1525; x_wconf 87' lang='lat' dir='ltr'><strong>M.</strong></span> <span class='ocrx_word' id='word_1_155' title='bbox 403 1483 516 1534; x_wconf 83' lang='lat' dir='ltr'>Quid</span> <span class='ocrx_word' id='word_1_156' title='bbox 537 1482 686 1523; x_wconf 87' lang='lat' dir='ltr'>deinde</span> <span class='ocrx_word' id='word_1_157' title='bbox 707 1482 920 1538; x_wconf 86' lang='lat' dir='ltr'>sequitur?</span> 
     </span>
    </p>
   </div>
   <div class='ocr_carea' id='block_1_5' title="bbox 248 1549 1652 2422">
    <p class='ocr_par' dir='ltr' id='par_1_7' title="bbox 248 1549 1639 1676">
     <span class='ocr_line' id='line_1_21' title="bbox 304 1549 1639 1606; baseline -0.003 -13"><span class='ocrx_word' id='word_1_158' title='bbox 304 1553 360 1593; x_wconf 90' lang='lat' dir='ltr'>A.</span> <span class='ocrx_word' id='word_1_159' title='bbox 394 1551 613 1602; x_wconf 85' lang='lat' dir='ltr'>Quomodo</span> <span class='ocrx_word' id='word_1_160' title='bbox 633 1559 825 1591; x_wconf 83' lang='lat' dir='ltr'>naturam</span> <span class='ocrx_word' id='word_1_161' title='bbox 852 1550 1077 1591; x_wconf 80' lang='lat' dir='ltr'>humanam</span> <span class='ocrx_word' id='word_1_162' title='bbox 1098 1549 1377 1606; x_wconf 84' lang='lat' dir='ltr'>assumpserit,</span> <span class='ocrx_word' id='word_1_163' title='bbox 1399 1549 1639 1590; x_wconf 85' lang='lat' dir='ltr'>necessaria-</span> 
     </span>
     <span class='ocr_line' id='line_1_22' title="bbox 248 1617 1569 1676; baseline -0.004 -15"><span class='ocrx_word' id='word_1_164' title='bbox 248 1636 331 1676; x_wconf 90' lang='lat' dir='ltr'>que</span> <span class='ocrx_word' id='word_1_165' title='bbox 351 1619 404 1661; x_wconf 90' lang='lat' dir='ltr'>ad</span> <span class='ocrx_word' id='word_1_166' title='bbox 425 1619 599 1660; x_wconf 86' lang='lat' dir='ltr'>salutem</span> <span class='ocrx_word' id='word_1_167' title='bbox 619 1628 801 1659; x_wconf 86' lang='lat' dir='ltr'>nostram</span> <span class='ocrx_word' id='word_1_168' title='bbox 823 1618 1016 1659; x_wconf 82' lang='lat' dir='ltr'>universa</span> <span class='ocrx_word' id='word_1_169' title='bbox 1033 1617 1285 1674; x_wconf 80' lang='lat' dir='ltr'>praestiterit,</span> <span class='ocrx_word' id='word_1_170' title='bbox 1306 1626 1569 1657; x_wconf 88' lang='lat' dir='ltr'>memoratur.</span> 
     </span>
    </p>

    <p class='ocr_par' dir='ltr' id='par_1_8' title="bbox 309 1685 1377 1742">
     <span class='ocr_line' id='line_1_23' title="bbox 309 1685 1377 1742; baseline -0.003 -13"><span class='ocrx_word' id='word_1_171' title='bbox 309 1690 372 1729; x_wconf 88' lang='lat' dir='ltr'>M.</span> <span class='ocrx_word' id='word_1_172' title='bbox 407 1689 527 1728; x_wconf 90' lang='lat' dir='ltr'>Itane</span> <span class='ocrx_word' id='word_1_173' title='bbox 547 1687 629 1728; x_wconf 92' lang='lat' dir='ltr'>Dei</span> <span class='ocrx_word' id='word_1_174' title='bbox 649 1686 805 1728; x_wconf 88' lang='lat' dir='ltr'>Filium</span> <span class='ocrx_word' id='word_1_175' title='bbox 826 1685 1034 1727; x_wconf 88' lang='lat' dir='ltr'>hominem</span> <span class='ocrx_word' id='word_1_176' title='bbox 1055 1686 1143 1727; x_wconf 85' lang='lat' dir='ltr'>fieri</span> <span class='ocrx_word' id='word_1_177' title='bbox 1162 1685 1377 1742; x_wconf 83' lang='lat' dir='ltr'>oportuit?</span> 
     </span>
    </p>

    <p class='ocr_par' dir='ltr' id='par_1_9' title="bbox 251 1751 1649 2357">
     <span class='ocr_line' id='line_1_24' title="bbox 307 1751 1642 1810; baseline -0.003 -14"><span class='ocrx_word' id='word_1_178' title='bbox 307 1757 365 1797; x_wconf 90' lang='lat' dir='ltr'>A.</span> <span class='ocrx_word' id='word_1_179' title='bbox 398 1754 604 1802; x_wconf 85' lang='lat' dir='ltr'>Omnino;</span> <span class='ocrx_word' id='word_1_180' title='bbox 638 1754 753 1810; x_wconf 91' lang='lat' dir='ltr'>quod</span> <span class='ocrx_word' id='word_1_181' title='bbox 783 1753 891 1794; x_wconf 89' lang='lat' dir='ltr'>enim</span> <span class='ocrx_word' id='word_1_182' title='bbox 923 1753 1048 1794; x_wconf 91' lang='lat' dir='ltr'>homo</span> <span class='ocrx_word' id='word_1_183' title='bbox 1082 1754 1124 1794; x_wconf 88' lang='lat' dir='ltr'>in</span> <span class='ocrx_word' id='word_1_184' title='bbox 1155 1754 1295 1794; x_wconf 90' lang='lat' dir='ltr'>Deum</span> <span class='ocrx_word' id='word_1_185' title='bbox 1327 1752 1524 1809; x_wconf 89' lang='lat' dir='ltr'>peccavit,</span> <span class='ocrx_word' id='word_1_186' title='bbox 1546 1751 1642 1792; x_wconf 84' lang='lat' dir='ltr'>fho-</span> 
     </span>
     <span class='ocr_line' id='line_1_25' title="bbox 251 1820 1643 1879; baseline -0.003 -15"><span class='ocrx_word' id='word_1_187' title='bbox 251 1823 402 1865; x_wconf 87' lang='lat' dir='ltr'>minem</span> <span class='ocrx_word' id='word_1_188' title='bbox 424 1838 593 1879; x_wconf 89' lang='lat' dir='ltr'>quoque</span> <span class='ocrx_word' id='word_1_189' title='bbox 612 1821 726 1862; x_wconf 88' lang='lat' dir='ltr'>luere</span> <span class='ocrx_word' id='word_1_190' title='bbox 747 1830 872 1877; x_wconf 82' lang='lat' dir='ltr'>atque</span> <span class='ocrx_word' id='word_1_191' title='bbox 893 1821 1059 1877; x_wconf 84' lang='lat' dir='ltr'>expiare</span> <span class='ocrx_word' id='word_1_192' title='bbox 1079 1836 1240 1862; x_wconf 89' lang='lat' dir='ltr'>necesse</span> <span class='ocrx_word' id='word_1_193' title='bbox 1261 1830 1372 1868; x_wconf 86' lang='lat' dir='ltr'>erat;</span> <span class='ocrx_word' id='word_1_194' title='bbox 1407 1820 1521 1876; x_wconf 90' lang='lat' dir='ltr'>quod</span> <span class='ocrx_word' id='word_1_195' title='bbox 1538 1835 1643 1860; x_wconf 84' lang='lat' dir='ltr'>onus</span> 
     </span>
     <span class='ocr_line' id='line_1_26' title="bbox 252 1887 1645 1947; baseline -0.004 -15"><span class='ocrx_word' id='word_1_196' title='bbox 252 1892 373 1947; x_wconf 81' lang='lat' dir='ltr'>longe</span> <span class='ocrx_word' id='word_1_197' title='bbox 403 1890 707 1947; x_wconf 83' lang='lat' dir='ltr'>gravissimum,</span> <span class='ocrx_word' id='word_1_198' title='bbox 728 1888 901 1929; x_wconf 79' lang='lat' dir='ltr'>gnullus</span> <span class='ocrx_word' id='word_1_199' title='bbox 933 1888 1010 1929; x_wconf 89' lang='lat' dir='ltr'>nisi</span> <span class='ocrx_word' id='word_1_200' title='bbox 1044 1889 1169 1929; x_wconf 91' lang='lat' dir='ltr'>homo</span> <span class='ocrx_word' id='word_1_201' title='bbox 1198 1890 1228 1929; x_wconf 85' lang='lat' dir='ltr'>J</span> <span class='ocrx_word' id='word_1_202' title='bbox 1232 1904 1325 1929; x_wconf 88' lang='lat' dir='ltr'>esus</span> <span class='ocrx_word' id='word_1_203' title='bbox 1347 1888 1539 1929; x_wconf 87' lang='lat' dir='ltr'>Christus</span> <span class='ocrx_word' id='word_1_204' title='bbox 1568 1887 1645 1928; x_wconf 83' lang='lat' dir='ltr'>tol-</span> 
     </span>
     <span class='ocr_line' id='line_1_27' title="bbox 252 1956 1646 2015; baseline -0.003 -15"><span class='ocrx_word' id='word_1_205' title='bbox 252 1960 336 2000; x_wconf 90' lang='lat' dir='ltr'>lere</span> <span class='ocrx_word' id='word_1_206' title='bbox 370 1969 496 2015; x_wconf 86' lang='lat' dir='ltr'>atque</span> <span class='ocrx_word' id='word_1_207' title='bbox 536 1957 736 1999; x_wconf 87' lang='lat' dir='ltr'>sustinere</span> <span class='ocrx_word' id='word_1_208' title='bbox 775 1965 948 2013; x_wconf 86' lang='lat' dir='ltr'>poterat.</span> <span class='ocrx_word' id='word_1_209' title='bbox 1012 1956 1094 1997; x_wconf 88' lang='lat' dir='ltr'>Sed</span> <span class='ocrx_word' id='word_1_210' title='bbox 1128 1971 1263 2012; x_wconf 87' lang='lat' dir='ltr'>neque</span> <span class='ocrx_word' id='word_1_211' title='bbox 1293 1956 1531 1997; x_wconf 81' lang='lat' dir='ltr'>hmediator</span> <span class='ocrx_word' id='word_1_212' title='bbox 1560 1971 1646 1996; x_wconf 88' lang='lat' dir='ltr'>esse</span> 
     </span>
     <span class='ocr_line' id='line_1_28' title="bbox 253 2024 1647 2083; baseline -0.004 -14"><span class='ocrx_word' id='word_1_213' title='bbox 253 2028 358 2069; x_wconf 89' lang='lat' dir='ltr'>alius</span> <span class='ocrx_word' id='word_1_214' title='bbox 388 2035 550 2083; x_wconf 85' lang='lat' dir='ltr'>poterat</span> <span class='ocrx_word' id='word_1_215' title='bbox 570 2025 624 2067; x_wconf 86' lang='lat' dir='ltr'>ad</span> <span class='ocrx_word' id='word_1_216' title='bbox 645 2027 786 2066; x_wconf 90' lang='lat' dir='ltr'>Deum</span> <span class='ocrx_word' id='word_1_217' title='bbox 816 2024 1053 2066; x_wconf 87' lang='lat' dir='ltr'>hominibus</span> <span class='ocrx_word' id='word_1_218' title='bbox 1083 2024 1398 2075; x_wconf 89' lang='lat' dir='ltr'>conciliandum,</span> <span class='ocrx_word' id='word_1_219' title='bbox 1419 2038 1647 2081; x_wconf 84' lang='lat' dir='ltr'>pacemque</span> 
     </span>
     <span class='ocr_line' id='line_1_29' title="bbox 254 2092 1648 2150; baseline -0.004 -13"><span class='ocrx_word' id='word_1_220' title='bbox 254 2097 362 2137; x_wconf 89' lang='lat' dir='ltr'>inter</span> <span class='ocrx_word' id='word_1_221' title='bbox 382 2111 451 2137; x_wconf 90' lang='lat' dir='ltr'>eos</span> <span class='ocrx_word' id='word_1_222' title='bbox 471 2094 781 2144; x_wconf 87' lang='lat' dir='ltr'>conficiendam,</span> <span class='ocrx_word' id='word_1_223' title='bbox 803 2093 879 2134; x_wconf 85' lang='lat' dir='ltr'>nisi</span> <span class='ocrx_word' id='word_1_224' title='bbox 905 2093 1014 2134; x_wconf 90' lang='lat' dir='ltr'>idem</span> <span class='ocrx_word' id='word_1_225' title='bbox 1043 2094 1162 2134; x_wconf 92' lang='lat' dir='ltr'>Deus</span> <span class='ocrx_word' id='word_1_226' title='bbox 1190 2094 1345 2150; x_wconf 88' lang='lat' dir='ltr'>pariter</span> <span class='ocrx_word' id='word_1_227' title='bbox 1371 2102 1497 2149; x_wconf 87' lang='lat' dir='ltr'>atquc</span> <span class='ocrx_word' id='word_1_228' title='bbox 1525 2092 1648 2133; x_wconf 89' lang='lat' dir='ltr'>homo</span> 
     </span>
     <span class='ocr_line' id='line_1_30' title="bbox 258 2160 1649 2218; baseline -0.004 -13"><span class='ocrx_word' id='word_1_229' title='bbox 258 2165 462 2206; x_wconf 84' lang='lat' dir='ltr'>Christus.</span> <span class='ocrx_word' id='word_1_230' title='bbox 527 2163 677 2218; x_wconf 88' lang='lat' dir='ltr'>Itaque</span> <span class='ocrx_word' id='word_1_231' title='bbox 696 2162 822 2203; x_wconf 89' lang='lat' dir='ltr'>homo</span> <span class='ocrx_word' id='word_1_232' title='bbox 841 2161 990 2211; x_wconf 83' lang='lat' dir='ltr'>factus,</span> <span class='ocrx_word' id='word_1_233' title='bbox 1013 2171 1193 2202; x_wconf 84' lang='lat' dir='ltr'>nostram</span> <span class='ocrx_word' id='word_1_234' title='bbox 1214 2162 1332 2218; x_wconf 88' lang='lat' dir='ltr'>quasi</span> <span class='ocrx_word' id='word_1_235' title='bbox 1351 2176 1567 2218; x_wconf 82' lang='lat' dir='ltr'>personam</span> <span class='ocrx_word' id='word_1_236' title='bbox 1589 2160 1649 2201; x_wconf 89' lang='lat' dir='ltr'>in-</span> 
     </span>
     <span class='ocr_line' id='line_1_31' title="bbox 258 2229 1648 2287; baseline -0.003 -14"><span class='ocrx_word' id='word_1_237' title='bbox 258 2233 365 2282; x_wconf 89' lang='lat' dir='ltr'>duit,</span> <span class='ocrx_word' id='word_1_238' title='bbox 389 2240 437 2272; x_wconf 92' lang='lat' dir='ltr'>ut</span> <span class='ocrx_word' id='word_1_239' title='bbox 466 2231 509 2271; x_wconf 91' lang='lat' dir='ltr'>in</span> <span class='ocrx_word' id='word_1_240' title='bbox 539 2245 588 2271; x_wconf 85' lang='lat' dir='ltr'>ea</span> <span class='ocrx_word' id='word_1_241' title='bbox 617 2229 760 2271; x_wconf 88' lang='lat' dir='ltr'>salutis</span> <span class='ocrx_word' id='word_1_242' title='bbox 792 2239 942 2271; x_wconf 85' lang='lat' dir='ltr'>nostrae</span> <span class='ocrx_word' id='word_1_243' title='bbox 977 2239 1113 2286; x_wconf 87' lang='lat' dir='ltr'>partes</span> <span class='ocrx_word' id='word_1_244' title='bbox 1147 2230 1384 2287; x_wconf 85' lang='lat' dir='ltr'>susciperet,</span> <span class='ocrx_word' id='word_1_245' title='bbox 1417 2229 1648 2279; x_wconf 86' lang='lat' dir='ltr'>sustineret,</span> 
     </span>
     <span class='ocr_line' id='line_1_32' title="bbox 260 2298 897 2357; baseline -0.005 -16"><span class='ocrx_word' id='word_1_246' title='bbox 260 2308 490 2357; x_wconf 82' lang='lat' dir='ltr'>perageret,</span> <span class='ocrx_word' id='word_1_247' title='bbox 511 2308 636 2354; x_wconf 84' lang='lat' dir='ltr'>atque</span> <span class='ocrx_word' id='word_1_248' title='bbox 657 2298 897 2339; x_wconf 85' lang='lat' dir='ltr'>absolveret.</span> 
     </span>
    </p>

    <p class='ocr_par' dir='ltr' id='par_1_10' title="bbox 322 2365 1652 2422">
     <span class='ocr_line' id='line_1_33' title="bbox 322 2365 1652 2422; baseline -0.003 -13"><span class='ocrx_word' id='word_1_249' title='bbox 322 2370 384 2409; x_wconf 89' lang='lat' dir='ltr'>M.</span> <span class='ocrx_word' id='word_1_250' title='bbox 419 2369 574 2409; x_wconf 85' lang='lat' dir='ltr'>Verum</span> <span class='ocrx_word' id='word_1_251' title='bbox 602 2381 676 2407; x_wconf 92' lang='lat' dir='ltr'>cur</span> <span class='ocrx_word' id='word_1_252' title='bbox 697 2381 718 2406; x_wconf 88' lang='lat' dir='ltr'>e</span> <span class='ocrx_word' id='word_1_253' title='bbox 742 2365 899 2422; x_wconf 86' lang='lat' dir='ltr'>Spiritu</span> <span class='ocrx_word' id='word_1_254' title='bbox 929 2366 1080 2406; x_wconf 86' lang='lat' dir='ltr'>Sancto</span> <span class='ocrx_word' id='word_1_255' title='bbox 1099 2374 1321 2422; x_wconf 85' lang='lat' dir='ltr'>conceptus</span> <span class='ocrx_word' id='word_1_256' title='bbox 1350 2375 1425 2416; x_wconf 86' lang='lat' dir='ltr'>est,</span> <span class='ocrx_word' id='word_1_257' title='bbox 1447 2375 1652 2421; x_wconf 84' lang='lat' dir='ltr'>natusque</span> 
     </span>
    </p>
   </div>
   <div class='ocr_carea' id='block_1_6' title="bbox 267 2516 1656 2826">
    <p class='ocr_par' dir='ltr' id='par_1_11' title="bbox 267 2516 1656 2826">
     <span class='ocr_line' id='line_1_34' title="bbox 309 2516 1651 2558; baseline -0.004 -9"><span class='ocrx_word' id='word_1_258' title='bbox 309 2518 323 2538; x_wconf 78' lang='lat'>¹²</span> <span class='ocrx_word' id='word_1_259' title='bbox 348 2520 429 2549; x_wconf 78' lang='lat' dir='ltr'>Mat.</span> <span class='ocrx_word' id='word_1_260' title='bbox 444 2518 478 2548; x_wconf 81' lang='lat' dir='ltr'>ii.</span> <span class='ocrx_word' id='word_1_261' title='bbox 495 2527 544 2558; x_wconf 91' lang='lat'>15.</span> <span class='ocrx_word' id='word_1_262' title='bbox 561 2518 608 2548; x_wconf 81' lang='lat' dir='ltr'>iii.</span> <span class='ocrx_word' id='word_1_263' title='bbox 625 2524 674 2557; x_wconf 83' lang='lat'><strong>17.</strong></span> <span class='ocrx_word' id='word_1_264' title='bbox 694 2518 792 2548; x_wconf 75' lang='lat' dir='ltr'>Joan.</span> <span class='ocrx_word' id='word_1_265' title='bbox 809 2517 831 2548; x_wconf 83' lang='lat' dir='ltr'><strong>i.</strong></span> <span class='ocrx_word' id='word_1_266' title='bbox 849 2526 900 2555; x_wconf 84' lang='lat'>14,</span> <span class='ocrx_word' id='word_1_267' title='bbox 917 2526 971 2558; x_wconf 85' lang='lat'><strong>49.</strong></span> <span class='ocrx_word' id='word_1_268' title='bbox 995 2517 1061 2547; x_wconf 84' lang='lat' dir='ltr'>xiv.</span> <span class='ocrx_word' id='word_1_269' title='bbox 1082 2525 1128 2547; x_wconf 84' lang='grc' dir='ltr'>ιο.</span> <span class='ocrx_word' id='word_1_270' title='bbox 1151 2517 1235 2548; x_wconf 88' lang='lat' dir='ltr'><strong>ch.</strong></span> <span class='ocrx_word' id='word_1_271' title='bbox 1253 2517 1274 2547; x_wconf 87' lang='lat' dir='ltr'>i.</span> <span class='ocrx_word' id='word_1_272' title='bbox 1288 2526 1319 2555; x_wconf 80' lang='lat'><strong>3.</strong></span> <span class='ocrx_word' id='word_1_273' title='bbox 1343 2527 1372 2547; x_wconf 88' lang='lat' dir='ltr'><strong>v.</strong></span> <span class='ocrx_word' id='word_1_274' title='bbox 1389 2525 1420 2557; x_wconf 86' lang='lat'><strong>5.</strong></span> <span class='ocrx_word' id='word_1_275' title='bbox 1522 2523 1534 2535; x_wconf 44' lang='grc' dir='ltr'>ι·</span> <span class='ocrx_word' id='word_1_276' title='bbox 1557 2516 1651 2546; x_wconf 86' lang='lat' dir='ltr'>Rom.</span> 
     </span>
     <span class='ocr_line' id='line_1_35' title="bbox 268 2568 1654 2613; baseline -0.004 -10"><span class='ocrx_word' id='word_1_277' title='bbox 268 2573 334 2603; x_wconf 82' lang='lat' dir='ltr'>viii.</span> <span class='ocrx_word' id='word_1_278' title='bbox 351 2582 396 2611; x_wconf 80' lang='lat'><strong>15.</strong></span> <span class='ocrx_word' id='word_1_279' title='bbox 423 2574 494 2604; x_wconf 77' lang='lat' dir='ltr'>Gal.</span> <span class='ocrx_word' id='word_1_280' title='bbox 512 2574 554 2604; x_wconf 87' lang='lat' dir='ltr'>iv.</span> <span class='ocrx_word' id='word_1_281' title='bbox 572 2581 601 2613; x_wconf 87' lang='lat'><strong>5.</strong></span> <span class='ocrx_word' id='word_1_282' title='bbox 627 2573 743 2612; x_wconf 85' lang='lat' dir='ltr'>Ephes.</span> <span class='ocrx_word' id='word_1_283' title='bbox 760 2572 782 2602; x_wconf 89' lang='lat' dir='ltr'>i.</span> <span class='ocrx_word' id='word_1_284' title='bbox 801 2580 830 2612; x_wconf 86' lang='lat'><strong>5.</strong></span> <span class='ocrx_word' id='word_1_285' title='bbox 857 2582 868 2602; x_wconf 85' lang='lat'><strong>1</strong></span> <span class='ocrx_word' id='word_1_286' title='bbox 888 2574 984 2602; x_wconf 81' lang='lat' dir='ltr'>Joan.</span> <span class='ocrx_word' id='word_1_287' title='bbox 1000 2571 1047 2602; x_wconf 90' lang='lat' dir='ltr'>iii.</span> <span class='ocrx_word' id='word_1_288' title='bbox 1066 2582 1092 2602; x_wconf 91' lang='lat'><strong>1.</strong></span> <span class='ocrx_word' id='word_1_289' title='bbox 1193 2571 1208 2591; x_wconf 78' lang='lat'>¹¹</span> <span class='ocrx_word' id='word_1_290' title='bbox 1231 2572 1328 2602; x_wconf 82' lang='lat' dir='ltr'>Dent.</span> <span class='ocrx_word' id='word_1_291' title='bbox 1345 2582 1378 2601; x_wconf 79' lang='lat' dir='ltr'><strong>x.</strong></span> <span class='ocrx_word' id='word_1_292' title='bbox 1395 2578 1444 2610; x_wconf 87' lang='lat'>17.</span> <span class='ocrx_word' id='word_1_293' title='bbox 1470 2570 1551 2600; x_wconf 81' lang='lat' dir='ltr'>Mat.</span> <span class='ocrx_word' id='word_1_294' title='bbox 1563 2570 1606 2600; x_wconf 88' lang='lat' dir='ltr'>ix.</span> <span class='ocrx_word' id='word_1_295' title='bbox 1624 2568 1654 2598; x_wconf 81' lang='lat'><strong>6.</strong></span> 
     </span>
     <span class='ocr_line' id='line_1_36' title="bbox 268 2622 1654 2667; baseline -0.004 -10"><span class='ocrx_word' id='word_1_296' title='bbox 268 2638 298 2658; x_wconf 86' lang='lat' dir='ltr'><strong>x.</strong></span> <span class='ocrx_word' id='word_1_297' title='bbox 319 2636 345 2657; x_wconf 92' lang='lat'><strong>1.</strong></span> <span class='ocrx_word' id='word_1_298' title='bbox 363 2628 428 2657; x_wconf 85' lang='lat' dir='ltr'>xxi.</span> <span class='ocrx_word' id='word_1_299' title='bbox 446 2638 476 2667; x_wconf 85' lang='lat'><strong>9.</strong></span> <span class='ocrx_word' id='word_1_300' title='bbox 502 2628 581 2657; x_wconf 89' lang='lat' dir='ltr'>Luc.</span> <span class='ocrx_word' id='word_1_301' title='bbox 598 2627 620 2657; x_wconf 90' lang='lat' dir='ltr'>i.</span> <span class='ocrx_word' id='word_1_302' title='bbox 636 2637 688 2666; x_wconf 80' lang='lat'><strong>32.</strong></span> <span class='ocrx_word' id='word_1_303' title='bbox 715 2628 830 2667; x_wconf 85' lang='lat' dir='ltr'>Ephcs.</span> <span class='ocrx_word' id='word_1_304' title='bbox 848 2627 870 2656; x_wconf 87' lang='lat' dir='ltr'>i.</span> <span class='ocrx_word' id='word_1_305' title='bbox 890 2636 939 2657; x_wconf 89' lang='lat'><strong>20.</strong></span> <span class='ocrx_word' id='word_1_306' title='bbox 1151 2632 1163 2646; x_wconf 74' lang='lat'>⁰</span> <span class='ocrx_word' id='word_1_307' title='bbox 1187 2627 1286 2657; x_wconf 83' lang='lat' dir='ltr'>Dcut.</span> <span class='ocrx_word' id='word_1_308' title='bbox 1305 2636 1336 2656; x_wconf 83' lang='lat' dir='ltr'><strong>x.</strong></span> <span class='ocrx_word' id='word_1_309' title='bbox 1352 2635 1402 2662; x_wconf 87' lang='lat'>12,</span> <span class='ocrx_word' id='word_1_310' title='bbox 1418 2633 1469 2655; x_wconf 87' lang='lat'>20.</span> <span class='ocrx_word' id='word_1_311' title='bbox 1495 2623 1573 2654; x_wconf 81' lang='lat' dir='ltr'>Mal.</span> <span class='ocrx_word' id='word_1_312' title='bbox 1590 2623 1610 2653; x_wconf 92' lang='lat' dir='ltr'>i.</span> <span class='ocrx_word' id='word_1_313' title='bbox 1625 2622 1654 2652; x_wconf 85' lang='lat'><strong>6.</strong></span> 
     </span>
     <span class='ocr_line' id='line_1_37' title="bbox 267 2680 1655 2722; baseline -0.004 -11"><span class='ocrx_word' id='word_1_314' title='bbox 267 2680 278 2699; x_wconf 76' lang='lat' dir='ltr'>s</span> <span class='ocrx_word' id='word_1_315' title='bbox 301 2682 383 2711; x_wconf 86' lang='lat' dir='ltr'>Mat.</span> <span class='ocrx_word' id='word_1_316' title='bbox 400 2681 477 2710; x_wconf 82' lang='lat' dir='ltr'>xvii.</span> <span class='ocrx_word' id='word_1_317' title='bbox 497 2690 548 2716; x_wconf 80' lang='lat'>22,</span> <span class='ocrx_word' id='word_1_318' title='bbox 567 2691 617 2720; x_wconf 78' lang='lat'><strong>23.</strong></span> <span class='ocrx_word' id='word_1_319' title='bbox 634 2691 688 2711; x_wconf 77' lang='lat' dir='ltr'><strong>xx.</strong></span> <span class='ocrx_word' id='word_1_320' title='bbox 711 2682 760 2720; x_wconf 88' lang='lat'>18,</span> <span class='ocrx_word' id='word_1_321' title='bbox 778 2691 826 2722; x_wconf 92' lang='lat'>19.</span> <span class='ocrx_word' id='word_1_322' title='bbox 849 2683 945 2711; x_wconf 78' lang='lat' dir='ltr'>Joau.</span> <span class='ocrx_word' id='word_1_323' title='bbox 964 2681 1007 2711; x_wconf 84' lang='lat' dir='ltr'>xi.</span> <span class='ocrx_word' id='word_1_324' title='bbox 1024 2689 1076 2721; x_wconf 82' lang='lat'><strong>50.</strong></span> <span class='ocrx_word' id='word_1_325' title='bbox 1102 2681 1196 2711; x_wconf 81' lang='lat' dir='ltr'>Rom.</span> <span class='ocrx_word' id='word_1_326' title='bbox 1212 2692 1241 2711; x_wconf 91' lang='lat' dir='ltr'><strong>v.</strong></span> <span class='ocrx_word' id='word_1_327' title='bbox 1264 2689 1311 2720; x_wconf 84' lang='lat'>15,</span> <span class='ocrx_word' id='word_1_328' title='bbox 1326 2681 1385 2710; x_wconf 60' lang='lat' dir='ltr'>&amp;cn</span> <span class='ocrx_word' id='word_1_329' title='bbox 1413 2689 1423 2709; x_wconf 90' lang='lat'><strong>1</strong></span> <span class='ocrx_word' id='word_1_330' title='bbox 1446 2680 1520 2708; x_wconf 68' lang='lat' dir='ltr'>(jor.</span> <span class='ocrx_word' id='word_1_331' title='bbox 1538 2687 1588 2706; x_wconf 86' lang='lat' dir='ltr'><strong>xv.</strong></span> <span class='ocrx_word' id='word_1_332' title='bbox 1605 2686 1655 2706; x_wconf 82' lang='lat'><strong>21.</strong></span> 
     </span>
     <span class='ocr_line' id='line_1_38' title="bbox 271 2731 1656 2775; baseline -0.003 -11"><span class='ocrx_word' id='word_1_333' title='bbox 271 2735 350 2764; x_wconf 82' lang='lat' dir='ltr'>Phil.</span> <span class='ocrx_word' id='word_1_334' title='bbox 368 2735 400 2764; x_wconf 78' lang='lat' dir='ltr'>ii.</span> <span class='ocrx_word' id='word_1_335' title='bbox 418 2734 449 2772; x_wconf 79' lang='grc' dir='ltr'>(ι,</span> <span class='ocrx_word' id='word_1_336' title='bbox 470 2742 497 2774; x_wconf 83' lang='grc'>7.</span> <span class='ocrx_word' id='word_1_337' title='bbox 524 2735 605 2764; x_wconf 60' lang='lat' dir='ltr'><strong>Helu.</strong></span> <span class='ocrx_word' id='word_1_338' title='bbox 623 2735 654 2764; x_wconf 81' lang='lat' dir='ltr'>ii.</span> <span class='ocrx_word' id='word_1_339' title='bbox 672 2744 702 2775; x_wconf 92' lang='lat'>9.</span> <span class='ocrx_word' id='word_1_340' title='bbox 801 2742 815 2759; x_wconf 59' lang='grc' dir='ltr'><strong>Η</strong></span> <span class='ocrx_word' id='word_1_341' title='bbox 834 2735 919 2765; x_wconf 75' lang='lat' dir='ltr'>Esai.</span> <span class='ocrx_word' id='word_1_342' title='bbox 934 2734 993 2764; x_wconf 84' lang='lat' dir='ltr'>liii.</span> <span class='ocrx_word' id='word_1_343' title='bbox 1097 2734 1110 2754; x_wconf 82' lang='lat'>¹¹</span> <span class='ocrx_word' id='word_1_344' title='bbox 1132 2745 1142 2764; x_wconf 93' lang='lat' dir='ltr'>l</span> <span class='ocrx_word' id='word_1_345' title='bbox 1160 2734 1247 2764; x_wconf 85' lang='lat' dir='ltr'>Tim.</span> <span class='ocrx_word' id='word_1_346' title='bbox 1264 2734 1298 2764; x_wconf 85' lang='lat' dir='ltr'>ii.</span> <span class='ocrx_word' id='word_1_347' title='bbox 1316 2742 1346 2773; x_wconf 84' lang='lat'><strong>5.</strong></span> <span class='ocrx_word' id='word_1_348' title='bbox 1373 2733 1454 2763; x_wconf 79' lang='lat' dir='ltr'><strong>ch.</strong></span> <span class='ocrx_word' id='word_1_349' title='bbox 1473 2732 1515 2762; x_wconf 81' lang='lat' dir='ltr'>ix.</span> <span class='ocrx_word' id='word_1_350' title='bbox 1535 2739 1581 2769; x_wconf 85' lang='lat'><strong>15.</strong></span> <span class='ocrx_word' id='word_1_351' title='bbox 1599 2731 1656 2761; x_wconf 77' lang='lat' dir='ltr'>xii.</span> 
     </span>
     <span class='ocr_line' id='line_1_39' title="bbox 273 2798 322 2826; baseline -0.02 -7"><span class='ocrx_word' id='word_1_352' title='bbox 273 2798 322 2826; x_wconf 83' lang='lat'>24.</span> 
     </span>
    </p>
   </div>
  </div>
 </body>
</html>
