1799 3077
318 145 401 186 164
706 144 936 186 JUELLI
970 145 1310 187 APOLOGIA.

317 260 505 300 Canones
526 257 825 314 Apostolorum
845 256 963 298 illum
992 258 1260 314 Episcopum,
1283 258 1355 315 qui
1386 257 1507 299 simul
1537 266 1578 298 et
1607 256 1706 297 civi-

315 325 394 366 lem
419 325 723 382 magistratum,
746 334 787 365 et
820 324 1143 367 Ecclesiasticam
1173 327 1426 368 functionem
1459 325 1572 366 obire
1592 324 1706 376 velit,

310 394 462 450 jubent
482 395 534 434 ab
555 393 687 434 officio
708 393 955 433 summoveri
974 410 985 441 3
1018 393 1084 434 isti
1103 404 1330 451 utrumque
1350 393 1639 450 magistratum
1664 402 1705 434 et

314 462 484 513 obeunt,
507 470 548 502 et
577 461 690 502 obire
721 460 888 501 omnino
914 460 1074 512 volunt,
1097 461 1160 502 vel
1191 463 1329 518 potius
1359 462 1550 512 alterum,
1579 476 1704 516 quem

313 529 365 570 ab
386 528 464 569 illis
485 528 662 569 maxime
683 527 788 568 obiri
815 527 1013 583 oportuit,
1036 543 1118 568 non
1148 529 1383 584 attingunt3
1417 544 1538 570 nemo
1569 538 1706 569 tamen

315 608 376 638 est
396 597 469 652 qui
491 596 581 637 illos
596 596 744 652 jubeat
760 595 1020 636 summoveri.
1067 597 1197 636 Vetus
1214 596 1445 637 Concilium
1463 597 1707 652 Gangrense

309 665 446 721 jubet,
468 680 518 705 ne
539 664 632 720 quis
652 664 710 704 ita
734 663 961 720 distinguat
990 663 1241 705 sacerdotem
1272 664 1459 705 coelibem
1489 680 1514 704 a
1543 663 1705 714 marito,

316 743 364 774 ut
384 732 598 773 coelibatus
619 747 742 772 causa
760 731 936 772 alterum
957 739 1076 787 putet
1098 731 1225 772 altero
1246 732 1512 780 sanctiorem;
1545 731 1611 773 isti
1640 747 1708 772 eos

315 801 372 841 ita
392 800 669 856 distinguunt,
693 809 739 841 ut
760 815 785 840 a
804 799 873 856 pio
893 810 934 840 et
953 799 1085 855 probo
1106 799 1194 840 viro
1218 800 1292 855 qui
1320 815 1491 841 uxorem
1523 799 1707 850 duxerit,

100 885 138 914 In
155 885 284 914 novenis
316 869 454 910 omnia
473 884 547 909 sua
567 883 680 909 sacra
700 868 835 909 statim
857 877 1006 924 putent
1026 868 1248 924 profanari.
1309 870 1440 910 Vetus
1471 870 1707 925 Imperator

100 932 268 1009 {QZ-²3·
317 938 347 978 J
352 937 580 978 ustinianus
595 936 720 992 jussit
740 936 782 976 in
805 951 917 976 sacro
946 935 1169 976 ministerio
1197 936 1334 977 omnia
1363 936 1486 987 clara,
1509 947 1549 977 et
1580 951 1707 992 quam

317 1005 494 1046 maxime
514 1017 663 1061 arguta
684 1014 725 1045 et
751 1019 944 1060 expressa
963 1020 1060 1044 voce
1088 1004 1365 1060 pronunciari,
1388 1013 1435 1045 ut
1465 1005 1627 1045 fructus
1657 1020 1709 1045 ex

318 1089 365 1115 ea
386 1089 429 1114 re
450 1073 598 1128 aliquis
619 1073 672 1114 ad
692 1072 897 1128 populum
918 1072 1051 1113 redire
1071 1081 1207 1128 posset
1226 1089 1237 1119 ς
1270 1072 1336 1113 isti
1363 1088 1415 1113 ne
1442 1072 1546 1128 quid
1575 1088 1709 1129 popu-

317 1143 383 1183 lus
402 1142 617 1197 intelligat,
639 1141 777 1182 omnia
807 1156 880 1181 sua
910 1156 992 1181 non
1024 1149 1186 1182 tantum
1217 1132 1392 1182 obscura
1421 1150 1462 1182 et
1493 1141 1710 1182 summissa

100 1224 241 1252 Tertium
319 1227 433 1261 voce,
455 1210 526 1251 sed
547 1210 667 1251 etiam
689 1210 834 1257 aliena,
858 1218 898 1250 et
920 1202 1104 1250 Barbara
1124 1208 1267 1265 lingua
1286 1209 1516 1251 mussitant.
1577 1210 1709 1250 Vetus

102 1268 211 1341 &iiim
229 1276 295 1305 ⁶³¹³·
322 1279 552 1321 Concilium
575 1278 899 1333 Carthaginense
922 1278 1058 1333 jubet,
1080 1293 1132 1318 ne
1152 1278 1254 1333 quid
1273 1278 1314 1318 in
1337 1294 1449 1319 sacro
1470 1288 1580 1319 coetu
1601 1278 1711 1334 lega-

319 1356 387 1388 tur
409 1355 557 1403 praeter
580 1346 813 1402 Scripturas
836 1345 1092 1393 Canonicas3
1126 1346 1191 1386 isti
1222 1361 1270 1386 ea
1299 1346 1444 1402 legunt
1473 1345 1516 1386 in
1547 1345 1711 1401 templis

318 1415 415 1464 suis,
438 1430 532 1470 quae
560 1429 612 1453 ne
640 1413 717 1469 ipsi
748 1413 915 1469 quidem
948 1414 1142 1455 dubitant
1172 1430 1257 1455 esse
1287 1429 1399 1455 mera
1428 1414 1641 1455 mendacia
1671 1421 1712 1454 et

316 1483 458 1523 inanes
477 1481 652 1522 fabulas.
713 1481 837 1532 Quod
859 1481 890 1522 si
912 1481 1005 1537 quis
1024 1482 1102 1522 ista
1122 1482 1284 1523 infirma
1304 1492 1426 1538 putat
1454 1497 1552 1532 esse,
1576 1497 1622 1523 ac
1653 1481 1710 1522 le-

317 1549 398 1601 via,
420 1549 534 1606 quod
555 1550 608 1590 ab
630 1550 971 1605 Imperatoribus,
995 1558 1035 1590 et
1058 1549 1229 1590 minutis
1259 1550 1509 1606 quibusdam
1540 1549 1712 1605 Episco-

318 1617 396 1673 pis,
418 1628 459 1658 et
480 1632 561 1657 non
582 1617 640 1657 ita
660 1617 791 1673 plenis
814 1617 1007 1658 Conciliis
1028 1617 1192 1658 decreta
1210 1617 1379 1668 fuerint,
1401 1626 1442 1658 et
1471 1618 1599 1673 Papae
1627 1631 1713 1656 ma-

104 1702 151 1730 De
169 1708 289 1729 consec.
319 1685 382 1741 gis
416 1684 660 1726 auctoritate
691 1700 736 1725 ac
768 1685 931 1725 nomine
963 1685 1205 1736 delectatur,
1238 1685 1380 1726 Julius
1411 1687 1528 1741 Papa
1557 1684 1711 1725 diserte

104 1744 282 1814 (giiife'nim
319 1762 445 1802 vetat,
468 1768 519 1793 ne
540 1751 741 1802 sacerdos,
764 1752 864 1792 dum
891 1753 1053 1808 peragit
1084 1769 1196 1794 sacra
1226 1753 1435 1810 mysteria,
1457 1767 1606 1808 panem
1638 1752 1713 1792 im-

107 1838 208 1858 nemo-
319 1831 480 1877 mergat
499 1820 542 1860 in
563 1819 728 1861 calicem
746 1836 757 1867 3
789 1819 856 1860 isti
877 1829 1020 1860 contra
1039 1820 1251 1861 decretum
1273 1822 1301 1860 J
1307 1820 1378 1861 ulii
1405 1821 1542 1875 Papae,
1559 1834 1710 1875 panem

320 1889 513 1931 dividunt
533 1897 573 1928 et
593 1887 855 1943 immergunt.
918 1887 1108 1929 Clemens
1130 1890 1247 1944 Papa
1267 1897 1389 1943 negat
1410 1887 1472 1928 fas
1493 1902 1578 1928 esse
1608 1887 1711 1943 Epi-

322 1972 444 2013 scopo
473 1971 615 2012 gerere
645 1964 872 2010 utrumque
901 1955 1113 2011 gladium;
1156 1966 1197 1996 et
1227 1956 1259 1996 si
1290 1967 1531 2010 utrumque,
1560 1954 1713 2017 inquit⁹

320 2025 472 2066 habere
492 2024 567 2075 vis,
590 2033 631 2064 et
650 2023 827 2080 teipsum
849 2023 1040 2080 decipies,
1063 2032 1103 2064 et
1124 2039 1191 2065 eos
1212 2023 1284 2079 qui
1305 2032 1345 2064 te
1370 2022 1554 2064 audient.
1612 2024 1712 2064 Jam

323 2095 441 2149 Papa
466 2092 652 2149 gladium
682 2100 906 2147 utrumque
938 2091 1014 2133 sibi
1037 2091 1231 2140 vindicat,
1253 2100 1293 2132 et
1323 2100 1550 2146 utrumque
1579 2091 1711 2146 gerit;

323 2177 451 2217 quare
472 2160 608 2200 minus
628 2159 778 2200 mirum
801 2160 930 2201 videri
950 2160 1087 2209 debet,
1110 2160 1142 2200 si
1162 2160 1267 2200 illud
1295 2168 1483 2201 secutum
1513 2159 1578 2209 sit,
1601 2159 1715 2214 quod

326 2228 516 2269 Clemens
536 2228 606 2279 ait,
627 2237 675 2268 ut
702 2227 769 2268 ille
799 2237 840 2269 et
870 2227 1047 2284 seipsum
1079 2228 1299 2284 deceperit,
1322 2237 1363 2268 et
1392 2227 1483 2268 illos
1513 2226 1586 2282 qui
1617 2241 1712 2267 eum

325 2296 541 2337 audierint.
604 2297 693 2336 Leo
714 2297 830 2352 Papa
849 2296 890 2336 in
916 2312 1000 2337 uno
1028 2296 1182 2352 templo
1213 2312 1339 2337 unam
1371 2303 1532 2336 tantum
1564 2294 1621 2336 ait
1650 2294 1714 2334 fas

326 2379 411 2405 esse
434 2363 607 2403 Missam
635 2363 768 2403 dicere
796 2378 879 2404 uno
909 2363 1002 2410 die3
1043 2363 1109 2404 isti
1140 2363 1181 2404 in
1213 2379 1297 2404 uno
1328 2363 1482 2419 templo
1512 2361 1715 2418 quotidie,

328 2446 435 2487 saepe
456 2431 595 2480 denas,
619 2446 727 2486 saepe
748 2430 923 2480 vicenas,
948 2447 1055 2487 saepe
1077 2431 1262 2481 tricenas,
1286 2447 1393 2488 saepe
1424 2430 1544 2471 etiam
1576 2429 1717 2486 plures

328 2498 480 2538 Missas
510 2498 669 2549 dicunt,
693 2508 739 2540 ut
769 2498 891 2540 miser
922 2508 1126 2555 spectator
1157 2500 1225 2540 vix
1257 2499 1356 2540 scire
1386 2498 1529 2555 possit,
1559 2513 1644 2553 quo
1675 2512 1716 2537 se

327 2565 585 2621 potissimum
607 2567 754 2608 debeat
775 2576 944 2608 vertere.
1007 2567 1198 2609 Gelasius
1226 2568 1352 2623 Papa,
1376 2566 1408 2608 si
1438 2566 1530 2622 quis
1559 2564 1718 2605 dividat

327 2633 647 2686 Eucharistiam,
668 2645 708 2676 et
729 2650 821 2676 cum
844 2635 1014 2676 alteram
1034 2644 1192 2691 partem
1213 2635 1420 2691 suscipiat,
1442 2632 1643 2674 abstineat
1663 2632 1716 2672 ab

325 2699 468 2750 altera,
491 2716 586 2741 eum
607 2703 664 2742 ait
692 2703 878 2758 improbe
903 2703 1050 2754 facere,
1072 2713 1111 2744 et
1143 2703 1400 2758 sacrilegium
1430 2700 1713 2747 committere;

328 2766 392 2807 isti
414 2776 556 2807 contra
577 2769 749 2809 verbnm
773 2770 848 2809 Dei
873 2779 1098 2826 contraque
1119 2770 1330 2811 Gelasium
1354 2771 1528 2824 Papam,
1547 2767 1715 2808 alteram
