1799 3077
487 129 718 170 JUELLI
752 129 1094 171 APOLOGIA.
1400 136 1482 178 117

94 245 222 287 nitam
243 243 382 301 potius
402 252 662 300 oppugnant,
685 242 837 284 idcirco
862 258 935 284 nos
962 243 1143 284 habendi
1173 244 1310 285 statim
1342 260 1483 289 sumus

94 328 170 369 pro
190 311 405 362 haereticis,
427 310 500 367 qui
521 310 686 352 illorum
707 311 912 352 voluntati
933 326 1016 352 non
1036 311 1315 367 obsequimur.
1359 314 1481 363 Quod

94 380 126 421 si
148 380 251 421 Pius
272 379 468 420 Pontifex
484 379 518 420 is
534 388 653 430 esset,
670 395 752 420 non
769 379 957 430 dicimus,
972 395 1097 435 quem
1112 395 1153 421 se
1169 389 1382 436 tantopere
1403 381 1481 422 dici
1493 391 1563 421 Pius
1579 400 1610 430 4.

92 447 220 503 cupit,
248 447 318 488 sed
350 446 381 487 si
411 447 445 488 is
471 447 639 488 omnino
669 456 787 497 esset,
817 447 890 502 qui
920 462 994 488 nos
1014 447 1077 488 vel
1108 447 1257 488 fratres
1289 462 1396 498 suos,
1418 448 1483 489 vel

91 515 259 555 omnino
279 515 465 556 homines
484 531 569 556 esse
590 515 776 566 duceret,
798 515 975 556 rationes
994 515 1111 572 prius
1130 524 1303 566 nostras,
1321 525 1361 557 et
1381 517 1484 572 quid

91 599 115 624 a
135 583 267 634 nobis,
289 583 394 639 quid
412 592 555 625 contra
575 599 649 624 nos
669 583 749 623 dici
775 593 927 639 posset,
949 583 1168 640 diligenter
1196 583 1481 640 expendisset;

90 668 137 693 ac
158 667 240 693 non
260 651 318 692 ita
339 660 491 692 temere
518 651 634 692 caecis
665 660 825 692 tantum
857 652 1122 708 praejudiciis,
1142 652 1293 693 bonam
1323 660 1483 708 partem

90 721 201 762 orbis
221 730 439 771 terrarum,
460 729 521 761 tot
542 720 684 760 doctos
705 728 745 760 et
764 719 853 775 pios
873 720 996 771 viros,
1014 729 1075 762 tot
1091 721 1255 777 respub.
1274 729 1336 762 tot
1351 736 1482 777 reges,

92 798 153 831 tot
174 788 378 845 principes
397 788 438 828 in
461 787 587 828 Bulla
613 803 700 837 sua,
723 803 807 843 qua
836 803 970 844 nuper
1000 789 1220 830 simulabat
1248 789 1480 840 concilium,

90 857 298 898 inauditos
317 856 473 897 indicta
493 871 616 897 causa
633 855 958 898 condemnasset.

147 924 318 976 Verum,
339 940 405 976 ne,
428 923 528 980 quia
547 924 601 965 ad
629 923 740 965 hunc
771 924 940 964 modum
973 924 1139 980 publice
1168 924 1221 965 ab
1251 924 1322 965 illo
1352 926 1482 966 notati

90 1009 248 1044 sumus,
271 993 444 1035 tacendo
463 992 679 1033 videamur
698 992 851 1033 crimen
868 992 1066 1041 confiteri,
1085 1001 1126 1033 et
1141 992 1368 1048 praesertim
1385 993 1484 1048 quia

91 1064 133 1104 in
163 1062 332 1119 publico
361 1061 545 1111 concilio,
567 1061 610 1101 in
640 1077 724 1117 quo
754 1060 822 1102 ille
852 1061 1005 1102 nemini
1034 1060 1271 1102 mortalium
1296 1061 1368 1117 jus
1398 1076 1483 1103 esse

90 1131 180 1172 vult
200 1130 360 1172 ferendi
381 1129 580 1186 suffragii,
604 1128 898 1185 sententiaeque
918 1128 1119 1179 dicendae,
1141 1128 1217 1170 nisi
1232 1129 1389 1185 jurato,
1412 1129 1484 1170 ad-

90 1200 284 1256 dictoque
323 1197 516 1255 potestati
557 1213 658 1249 suae,
688 1196 824 1238 audiri
859 1197 975 1238 nullo
1009 1196 1134 1238 modo
1165 1212 1387 1253 possumus
1420 1197 1483 1251 (id

89 1268 198 1309 enim
218 1267 417 1324 proximis
444 1265 618 1307 comitiis
640 1265 900 1307 Tridentinis
929 1265 1102 1306 nimium
1135 1264 1294 1321 experti
1325 1280 1482 1317 sumus,

90 1351 185 1378 cum
216 1335 459 1391 Principum
493 1333 744 1385 Germaniae,
768 1342 808 1375 et
838 1333 1061 1374 liberarum
1091 1333 1304 1374 civitatum
1335 1333 1481 1389 Legati

89 1414 130 1446 et
152 1403 359 1460 Theologi
377 1418 547 1459 prorsus
574 1402 627 1443 ab
656 1401 768 1443 omni
798 1410 1005 1442 conventu
1035 1400 1378 1448 excluderentur;
1411 1416 1481 1441 ne-

89 1488 170 1529 que
190 1471 328 1513 adhuc
351 1470 535 1512 oblivisci
561 1484 794 1526 possumus,
817 1469 847 1509 J
851 1468 982 1509 ulium
1014 1467 1182 1509 tertium
1213 1477 1308 1508 ante
1337 1467 1480 1509 decem

88 1555 216 1581 annos
237 1539 455 1596 diligenter
475 1538 627 1579 cavisse
646 1536 844 1593 rescripto
865 1551 953 1587 suo,
971 1551 1023 1576 ne
1043 1535 1136 1591 quis
1158 1544 1390 1576 nostrorum
1406 1535 1480 1576 ho-

89 1608 249 1648 minum
268 1607 311 1647 in
332 1606 504 1648 concilio
524 1604 754 1655 audiretur,
776 1603 853 1644 nisi
874 1604 906 1644 si
927 1603 1022 1659 quis
1041 1603 1149 1644 forte
1169 1611 1286 1653 esset,
1309 1602 1381 1658 qui
1397 1603 1480 1643 vel-

89 1677 145 1717 let
164 1675 400 1732 palinodian
421 1689 580 1726 canere,
601 1682 642 1714 et
660 1681 823 1714 mutare
845 1671 1106 1725 sententiam)
1129 1670 1194 1711 vel
1225 1685 1273 1711 ea
1301 1670 1480 1713 maxime

88 1759 212 1785 causa
231 1743 366 1784 visum
387 1751 448 1782 est
468 1740 586 1782 nobis
606 1739 805 1781 rationem
823 1737 944 1779 Fidei
959 1746 1109 1778 nostrae
1127 1737 1278 1793 scripto
1292 1736 1479 1787 reddere,

88 1822 129 1854 et
148 1811 203 1853 ad
229 1827 291 1862 ea,
313 1825 409 1866 quae
438 1809 557 1850 nobis
586 1807 752 1865 publice
781 1806 944 1863 objecta
974 1814 1085 1856 sunt,
1107 1820 1217 1856 vere,
1238 1820 1285 1846 ac
1314 1804 1480 1860 publice

88 1879 350 1936 respondere,
372 1886 420 1918 ut
440 1877 550 1918 orbis
571 1885 772 1918 terrarum
794 1874 933 1915 videre
954 1873 1080 1930 possit
1101 1881 1253 1929 partes,
1271 1881 1311 1914 et
1330 1872 1480 1914 funda„

88 1958 227 1990 menta
246 1948 336 2004 ejus
362 1945 574 1996 doctrinae,
596 1943 663 1985 cui
694 1952 755 1985 tot
784 1942 881 1984 boni
902 1941 979 1982 viri
1008 1948 1332 1997 postposuerunt
1352 1940 1479 1981 vitam

88 2031 219 2067 suam,
241 2024 372 2071 utque
399 2029 541 2055 omnes
567 2011 813 2068 intelligant,
834 2009 1068 2065 cujusmodi
1098 2008 1265 2050 tandem
1294 2006 1480 2048 homines

88 2084 146 2125 illi
167 2084 261 2133 sint,
282 2082 471 2139 quidque
492 2081 544 2122 de
566 2082 660 2121 Deo
683 2087 724 2120 et
751 2077 948 2134 religione
979 2077 1168 2126 sentiant,
1190 2090 1295 2131 quos
1325 2075 1478 2115 Roma-

88 2167 166 2193 nus
187 2151 436 2208 Episcopus,
458 2157 680 2204 antequam
704 2154 949 2188 vocarentur
969 2144 1022 2185 ad
1050 2143 1265 2185 dicendam
1295 2155 1475 2191 causam,

87 2235 170 2261 non
204 2218 300 2260 satis
334 2217 602 2267 considerate,
639 2214 755 2257 nullo
790 2213 996 2269 exemplo,
1028 2211 1143 2253 nullo
1171 2211 1281 2267 jure,
1315 2217 1476 2250 tantum

88 2288 202 2344 quod
221 2287 312 2328 illos
332 2285 496 2326 audiret
515 2299 540 2325 a
562 2299 603 2325 se
625 2283 791 2339 suisque
811 2282 854 2322 in
874 2280 1014 2336 aliqua
1033 2288 1150 2336 parte
1170 2276 1377 2333 religionis
1397 2275 1478 2316 dis-

87 2371 268 2412 crepare,
288 2352 579 2396 condemnavit
598 2367 676 2408 pro
699 2349 914 2392 haereticis.

145 2426 218 2475 Et,
239 2421 429 2478 quamvis
453 2423 511 2462 D.
535 2420 820 2476 Hieronymus
849 2418 892 2458 in
923 2414 1150 2472 suspicione
1179 2413 1380 2453 haereseos
1408 2426 1474 2452 ne-

88 2491 238 2533 minem
262 2490 360 2531 velit
380 2504 466 2530 esse
486 2488 727 2545 patientem,
748 2502 823 2527 nos
845 2495 981 2527 tamen
1002 2498 1076 2523 nec
1097 2481 1256 2531 acerbe,
1277 2488 1350 2520 aut
1370 2479 1478 2520 dica„

87 2560 187 2602 citer
206 2574 391 2616 agemUS,
411 2572 486 2598 nec
507 2557 725 2597 efferemur
749 2552 974 2603 iracundia,
995 2564 1235 2606 quanquam
1266 2563 1340 2588 nec
1369 2562 1478 2588 acer-

87 2630 180 2680 bus,
201 2644 276 2670 nec
297 2627 416 2669 dicax
439 2625 567 2667 videri
587 2624 725 2673 debet,
748 2623 820 2679 qui
840 2637 938 2662 vera
957 2620 1078 2660 dicet.
1130 2619 1258 2659 Istam
1284 2616 1478 2672 eloquen-

89 2696 188 2738 tiam
207 2695 401 2738 libentius
421 2692 692 2750 relinquimus
712 2689 955 2732 adversariis
982 2686 1145 2737 nostris,
1168 2685 1241 2741 qui
1272 2683 1479 2740 quidquid

90 2765 130 2806 in
151 2780 226 2807 nos
246 2764 406 2815 dicunt,
421 2759 688 2820 quantumvis
707 2759 750 2800 id
766 2757 910 2800 acerbe
926 2765 999 2799 aut
1013 2753 1304 2797 contumeliose
1320 2752 1477 2793 dictum

759 2827 824 2867 13
