1799 3077
127 173 333 180 —..-—-—..

498 402 1094 470 APOLOGIA

283 624 719 677 ECCLESIAE
769 624 1306 677 ANGLICANAE.

102 925 338 996 VETUS
358 954 428 996 illa
447 964 509 997 est
529 958 698 1012 querela
717 973 742 998 a
762 957 905 1014 primis
925 972 1057 1012 usque
1084 957 1418 999 Patriarcharum
1449 969 1488 1001 et

101 1017 399 1080 prophetarum
421 1024 547 1066 ducta
568 1026 837 1082 temporibus,
859 1038 899 1068 et
919 1026 1051 1067 omnis
1071 1027 1279 1068 memoriae
1299 1027 1425 1069 literis
1449 1039 1489 1071 et

103 1091 342 1133 testimoniis
362 1093 615 1144 confirmata,
637 1094 859 1135 Veritatem
881 1095 921 1135 in
944 1094 1061 1135 terris
1078 1095 1335 1151 peregrinam
1352 1111 1487 1152 agere,
1500 1108 1617 1136 Termi.
1631 1108 1661 1135 in

100 1169 141 1201 et
175 1160 281 1200 inter
316 1160 478 1215 ignotos
510 1160 628 1202 facile
663 1161 848 1203 inimicos
878 1171 919 1203 et
948 1162 1262 1204 calumniatores
1294 1163 1486 1206 invenire.
1501 1151 1665 1189 Ap⁰¹⁰g³‘'

101 1228 150 1269 Id
170 1228 244 1268 etsi
264 1227 352 1269 aliis
373 1228 610 1270 incredibile
629 1230 801 1271 fortasse
822 1230 951 1271 videri
972 1231 1114 1287 possit,
1138 1231 1170 1272 si
1191 1232 1263 1287 qui
1285 1242 1395 1283 sunt,
1417 1234 1489 1289 qui

100 1296 177 1336 ista
200 1295 337 1336 minus
361 1304 517 1337 attente
547 1296 869 1346 observaverint,
891 1298 1119 1353 praesertim
1150 1314 1244 1339 cum
1276 1299 1488 1341 hominum

101 1363 339 1404 universum
377 1379 510 1419 genus
545 1364 633 1420 ipso
667 1376 827 1407 naturae
863 1365 1008 1417 ductu,
1047 1366 1132 1407 sine
1173 1367 1382 1423 magistro,
1417 1384 1490 1410 sua

101 1440 246 1487 sponte
276 1431 327 1472 sit
350 1442 549 1488 appetens
579 1432 784 1481 veritatis;
818 1442 858 1474 et
880 1433 1072 1474 Christus
1098 1434 1184 1490 ipse
1212 1445 1393 1476 servator
1419 1451 1489 1477 no-

101 1508 196 1549 ster,
216 1514 311 1540 cum
332 1499 439 1540 inter
460 1499 645 1541 homines
666 1509 910 1551 versaretur,
933 1501 1050 1556 quasi
1080 1501 1241 1542 nomine
1271 1503 1325 1543 ad
1355 1504 1489 1559 expri-

101 1566 293 1607 mendam
323 1582 485 1607 omnem
513 1567 596 1608 vim
628 1567 822 1617 divinam,
851 1567 1057 1624 aptissime
1085 1567 1261 1609 voluerit
1291 1570 1488 1626 appellari

102 1636 286 1681 Veritas;
320 1651 400 1676 non
427 1645 563 1677 tamen
591 1636 664 1691 qui
694 1636 735 1676 in
767 1636 889 1677 sacris
919 1636 1131 1692 scripturis
1152 1637 1299 1677 versati
1331 1653 1487 1688 sumuS,

100 1702 257 1757 quique
278 1702 453 1758 legimus
473 1712 513 1744 et
534 1703 727 1753 vidimus,
751 1703 854 1759 quid
874 1703 1066 1744 omnibus
1087 1703 1165 1759 piis
1191 1704 1376 1744 omnium
1404 1705 1488 1746 fere

101 1780 349 1826 temporum,
381 1770 483 1826 quid
519 1771 754 1827 Prophetis,
786 1771 888 1827 quid
925 1771 1153 1827 Apostolis,
1185 1771 1287 1826 quid
1331 1772 1489 1813 Sanctis

102 1838 377 1894 Martyribus,
399 1838 501 1893 quid
525 1838 690 1879 Christo
710 1838 788 1895 ipsi
815 1838 1021 1889 acciderit,
1043 1838 1196 1894 quibus
1225 1838 1282 1879 illi
1313 1840 1486 1895 probris,

100 1904 340 1955 maledictis,
371 1905 643 1956 contumeliis,
665 1922 760 1947 cum
781 1906 979 1957 viverent,
1001 1906 1183 1947 veritatis
1214 1906 1336 1946 unius
1366 1921 1488 1947 causa

101 1973 237 2014 vexati
257 1973 436 2020 fuerint3
469 1973 659 2015 videmus
679 1974 722 2015 id
743 1989 822 2015 non
846 1983 1008 2015 tantum
1030 1989 1112 2015 non
1133 1989 1218 2015 esse
1239 1989 1393 2014 novum
1414 1985 1487 2015 aut

100 2041 352 2091 incredibile,
375 2041 444 2082 sed
466 2041 587 2082 etiam
609 2051 818 2098 receptum
835 2042 923 2097 jam
945 2052 986 2083 et
1012 2041 1203 2083 omnibus
1234 2042 1486 2097 temporibus

101 2110 311 2150 usitatum.
354 2110 487 2150 Immo
508 2109 611 2150 illud
632 2110 764 2151 multo
785 2110 923 2166 potius
944 2109 1091 2150 mirum
1110 2119 1234 2165 atque
1250 2109 1485 2150 incredibile

101 2177 231 2218 videri
251 2186 401 2233 posset,
424 2177 456 2218 si
476 2187 593 2233 pater
612 2178 919 2219 mendaciorum
939 2185 980 2218 et
1000 2177 1128 2218 hostis
1155 2177 1285 2218 omnis
1305 2177 1484 2218 veritatis

102 2244 321 2295 Diabolus,
339 2260 449 2286 nunc
469 2246 636 2287 tandem
657 2249 825 2302 repente
845 2255 1025 2287 mutaret
1043 2245 1268 2301 ingenium,
1290 2255 1331 2286 et
1351 2257 1607 2301 spera-Johan.
1626 2256 1687 2284 viii.

102 2323 163 2354 ret
186 2312 397 2354 veritatem
418 2312 549 2364 aliter,
571 2329 697 2369 quam
719 2313 954 2354 mentiendo
968 2328 1086 2369 posse
1101 2313 1292 2368 opprimi,
1309 2322 1379 2354 aut
1397 2313 1485 2353 aliis

103 2396 213 2421 nunc
233 2380 404 2430 artibus,
427 2396 552 2436 quam
573 2382 726 2437 quibus
746 2382 798 2422 ab
819 2381 935 2422 initio
956 2396 1115 2437 semper
1132 2396 1229 2421 usus
1245 2390 1319 2427 est,
1336 2379 1485 2435 incipe-

103 2457 164 2487 ret
186 2462 359 2500 regnum
382 2463 503 2488 suum
525 2448 715 2489 stabilire.
769 2449 837 2489 Ex
858 2448 969 2489 omni
990 2448 1097 2488 enim
1120 2446 1314 2488 memoria
1335 2447 1402 2487 vix
1424 2447 1485 2487 ul-

102 2515 189 2555 lum
221 2524 382 2570 teinpus
411 2515 593 2557 invenire
622 2532 855 2572 possumuS‚
888 2516 951 2556 vel
981 2515 1209 2564 crescentis,
1241 2514 1303 2554 vel
1338 2515 1485 2555 consti-

104 2592 219 2633 tutae,
242 2582 306 2623 vel
328 2583 573 2624 renascentis
594 2583 813 2639 religionis,
836 2598 921 2638 quo
942 2598 1022 2623 non
1044 2582 1192 2624 veritas
1218 2593 1342 2638 atque
1372 2582 1485 2622 inno-

103 2651 235 2692 centia
267 2651 446 2707 indignis
481 2650 610 2692 modis
642 2651 694 2691 ab
726 2649 975 2695 hominibus,
1008 2660 1048 2691 et
1084 2650 1483 2691 contumeliosissime
