1799 3077
302 137 383 176 144
689 134 918 176 JUELLI
951 135 1288 177 APOLOGIA.

298 258 360 291 est
381 249 495 300 olim,
517 257 558 290 et
578 247 620 289 id
641 247 862 290 molestum
884 258 924 290 et
946 249 1154 305 ingratum
1174 259 1249 300 est,
1272 263 1426 290 novum
1454 257 1590 291 tamen
1613 258 1685 291 aut

299 317 475 358 insolens
495 317 625 358 videri
646 331 728 357 non
749 324 897 373 potest.

357 385 497 427 Facile
524 384 612 426 istis
641 384 723 425 fuit
752 393 847 425 ante
876 399 1005 425 annos
1035 384 1327 441 quadraginta,
1348 384 1425 426 ista
1454 384 1685 436 maledicta,

300 462 342 495 et
367 453 447 494 alia
471 453 662 510 graviora
687 452 730 493 in
758 468 832 494 nos
858 453 1105 508 confingere,
1127 468 1222 494 cum
1249 453 1292 494 in
1316 453 1460 495 mediis
1479 453 1558 494 illis
1580 462 1690 494 tene-

299 521 385 563 bris
408 521 558 563 exoriri
583 521 763 577 primum
784 520 972 576 coepisset
992 529 1032 561 et
1052 520 1188 562 lucere
1208 521 1348 562 radius
1368 522 1516 578 aliquis
1535 522 1688 578 ignotae

301 597 391 630 tum
430 597 471 630 et
509 588 705 630 inauditae
746 588 953 636 veritatis3
996 603 1092 629 cum
1133 589 1345 630 Martinus
1385 590 1613 640 Lutherus,
1648 597 1689 629 et.

303 657 560 699 Huldericus
576 656 797 713 Zuinglius
816 656 1140 713 praestantissimi
1156 656 1247 707 viri,
1265 666 1306 698 et
1324 657 1377 698 ad
1397 657 1688 698 illustrandum

301 727 443 767 orbem
472 734 675 766 terrarum
702 741 726 766 a
746 726 839 766 Deo
866 724 966 775 dati,
987 725 1170 781 primum
1196 725 1455 768 accessissent
1475 726 1529 767 ad
1548 727 1689 767 Evan-

301 793 483 850 gelium3
517 808 612 834 cum
641 802 681 833 et
707 808 772 834 res
797 793 934 834 adhuc
959 808 1067 835 nova
1093 802 1210 845 esset,
1233 802 1274 835 et
1298 803 1469 835 eventus
1494 794 1688 843 incertus,

302 871 343 903 et
370 861 495 902 animi
522 861 737 902 hominum
767 861 951 918 suspensi
978 871 1103 918 atque
1130 861 1307 912 attoniti,
1329 870 1370 902 et
1389 877 1509 902 aures
1536 870 1690 918 apertae

302 931 355 972 ad
385 929 623 981 calumnias,
649 939 690 971 et
719 929 881 970 nullum
911 929 954 970 in
983 945 1057 970 nos
1087 938 1171 970 tam
1201 945 1326 985 grave
1355 929 1558 986 flagitium
1589 928 1691 984 fingi

301 1008 452 1055 posset,
475 997 590 1054 quod
619 1013 701 1038 non
732 1006 901 1054 propter
928 997 986 1038 rei
1013 997 1141 1054 ipsius
1168 997 1408 1047 novitatem,
1430 1006 1556 1053 atque
1584 995 1691 1037 inso-

299 1067 482 1117 lentiam,
504 1066 623 1107 facile
642 1082 667 1107 a
686 1065 843 1122 populo
868 1065 1114 1106 crederetur.
1179 1066 1247 1106 Ita
1275 1065 1381 1106 enim
1413 1073 1570 1106 veteres
1599 1063 1692 1104 hos-

302 1146 363 1177 tes
392 1134 623 1190 Evangelii,
658 1134 944 1190 Symmachus,
978 1133 1140 1186 Celsus,
1170 1134 1381 1184 Julianus,
1415 1132 1689 1190 PorphyriuS,

302 1203 400 1244 olim
419 1202 601 1259 aggressi
629 1212 726 1244 sunt
750 1218 940 1244 accusare
967 1218 1109 1243 omnes
1131 1201 1386 1243 Christianos
1407 1200 1630 1252 seditionis,
1651 1208 1692 1241 et

301 1271 539 1328 majestatis,
574 1280 794 1327 antequam
830 1280 903 1312 aut
938 1270 1142 1327 princeps,
1178 1280 1251 1311 aut
1290 1270 1486 1326 populus,
1522 1269 1692 1325 quinam

302 1339 361 1381 illi
390 1339 614 1380 Christiani
636 1348 782 1389 essent,
804 1349 877 1380 aut
906 1339 1007 1395 quid
1038 1339 1345 1395 profiterentur,
1373 1347 1447 1379 aut
1476 1337 1579 1394 quid
1609 1352 1692 1378 cre-

302 1407 461 1457 derent,
492 1417 566 1448 aut
600 1406 703 1462 quid
735 1406 900 1457 vellent,
931 1406 1030 1448 scire
1060 1415 1237 1462 possent.
1300 1407 1425 1447 Nunc
1457 1421 1553 1447 vero
1583 1413 1694 1461 post-

302 1490 428 1531 quam
455 1474 577 1516 etiam
606 1474 743 1516 hostes
770 1475 897 1515 nostri
918 1474 1060 1515 vident
1080 1484 1121 1516 et
1140 1490 1291 1530 negare
1310 1489 1391 1515 non
1412 1482 1599 1530 possunt,
1622 1487 1695 1513 nos

303 1559 463 1601 semper
489 1543 681 1585 omnibus
708 1542 827 1585 dictis
857 1542 1019 1594 nostris,
1040 1542 1282 1599 scriptisque
1311 1542 1530 1598 diligenter
1556 1542 1695 1583 admo-

303 1611 440 1653 nuisse
466 1611 669 1668 populum
696 1610 814 1652 officii
847 1610 924 1660 sui,
946 1620 995 1652 ut
1015 1610 1280 1667 Principibus
1301 1610 1384 1651 suis
1410 1620 1451 1651 et
1476 1609 1697 1665 Magistra-

304 1680 429 1730 tibus,
451 1679 640 1735 quamvis
667 1678 817 1735 impiis,
837 1679 1182 1734 obtemperarent,
1204 1678 1331 1734 idque
1358 1688 1398 1719 et
1427 1693 1525 1719 usus
1548 1677 1635 1734 ipse
1656 1686 1696 1718 et

308 1746 561 1804 experientia
595 1746 691 1787 satis
731 1746 863 1796 docet,
895 1755 935 1786 et
975 1746 1161 1786 omnium
1201 1746 1416 1787 hominum
1456 1745 1695 1802 quicunque

307 1825 434 1872 atque
464 1815 703 1871 ubicunque
734 1823 844 1865 sunt,
866 1813 975 1855 oculi
1005 1813 1147 1855 vident
1176 1822 1217 1854 et
1246 1823 1552 1861 contestantur3
1586 1813 1696 1869 puti-

307 1884 408 1925 dum
444 1892 531 1925 erat
561 1883 639 1924 ista
673 1882 864 1939 objicere,
897 1891 937 1923 et
970 1897 1065 1922 cum
1103 1897 1210 1923 nova
1245 1891 1286 1923 et
1319 1881 1498 1923 recentia
1526 1881 1697 1922 crimina

307 1952 421 1993 nulla
446 1960 593 2002 essent,
614 1942 808 1992 obsoletis
834 1959 994 1992 tantum
1023 1949 1243 1992 mendaciis
1270 1950 1387 1991 nobis
1414 1949 1610 1991 invidiam
1637 1950 1696 1990 fa-

307 2036 398 2062 cere
420 2020 606 2061 voluisse.

364 2088 547 2145 Agimus
577 2088 685 2129 enim
717 2089 809 2129 Deo
841 2097 994 2139 nostro,
1024 2087 1144 2143 cujus
1178 2087 1266 2128 haec
1306 2087 1429 2128 solius
1468 2103 1591 2129 causa
1621 2096 1696 2137 est,

307 2155 474 2212 gratias,
502 2156 544 2197 in
577 2155 769 2197 omnibus
800 2154 973 2211 Regnis,
1005 2153 1259 2205 Ditionibus,
1292 2155 1478 2210 Rebusp.
1510 2170 1604 2210 quae
1643 2154 1697 2195 ad

309 2223 588 2280 Evangelium
614 2232 884 2272 accesserunt,
907 2221 1067 2262 nullum
1097 2237 1281 2277 unquam
1302 2221 1438 2263 adhuc
1459 2220 1698 2278 hujusmodi

310 2291 546 2347 exemplum
567 2290 759 2332 extitisse.
822 2289 997 2331 Nullum
1026 2288 1134 2330 enim
1155 2304 1228 2330 nos
1248 2305 1422 2346 regnum
1450 2288 1671 2330 evertimus
1685 2304 1696 2339 余

312 2362 480 2403 Nullius
519 2361 715 2403 ditionem
756 2371 829 2401 aut
862 2361 961 2416 jura
1000 2359 1251 2407 minuimus3
1295 2359 1504 2415 Rempub.
1541 2358 1697 2399 nullam

312 2430 581 2471 turbavimus.
643 2430 821 2470 Manent
849 2428 987 2468 adhuc
1022 2442 1096 2468 suo
1130 2426 1235 2476 loco,
1271 2436 1311 2468 et
1350 2426 1460 2467 avita
1498 2425 1699 2482 dignitate

313 2499 450 2553 Reges
481 2497 649 2554 Angliae
679 2505 843 2546 nostrae,
876 2495 1039 2545 Daniae,
1073 2494 1260 2542 Sueciae余
1303 2495 1443 2535 Duces
1482 2493 1696 2540 Saxoniae3

315 2564 497 2605 Comites
528 2563 730 2615 Palatini3
764 2562 1029 2604 Marchiones
1060 2561 1414 2618 Brandeburgici3
1455 2559 1699 2615 Lantgravii

316 2631 500 2679 Hessiae余
537 2632 732 2688 Respub.-
763 2631 1069 2681 Helvetiorum,
1101 2641 1142 2671 et
1179 2630 1442 2677 Rhetorum余
1485 2637 1526 2668 et
1560 2627 1699 2667 liberae

313 2698 510 2748 civitates,
532 2699 780 2754 Argentina,
799 2699 973 2749 Basilea,
992 2697 1301 2749 Francofordia,
1322 2697 1462 2747 Ulma,
1488 2697 1697 2751 Augusta,

317 2765 592 2822 Norffiberga,
620 2781 760 2806 omnes
795 2766 937 2808 eodem
963 2766 1074 2822 jure,
1102 2765 1328 2821 eodemque
1359 2773 1468 2805 statu
1498 2778 1583 2819 quo
1613 2762 1701 2802 fue-
