1799 3077
287 145 342 187 56
731 146 1229 188 PROTESTATIO

287 260 491 300 doxorum
514 259 720 314 probant;
754 259 824 300 sed
852 259 894 300 in
916 260 1051 301 verbis
1073 261 1215 302 Coenae
1246 260 1478 301 Dominicoe
1507 260 1678 302 circum-

288 328 448 370 stantiae
472 327 711 383 Scripturae‚
733 327 922 384 analogia
943 338 1292 370 sacramentorum
1313 338 1354 370 et
1374 337 1541 384 patrum
1568 329 1678 371 dicta

288 396 466 437 maxime
486 396 664 452 probant
689 395 889 452 tropicam
918 395 1167 438 locutionem
1197 397 1239 438 in
1261 397 1396 438 verbis
1418 399 1561 439 Coenae
1591 399 1678 439 Do-

287 464 473 512 minicae3
506 479 606 520 ergo
626 479 769 504 sensus
789 463 974 520 tropicus
993 464 1034 505 in
1057 464 1209 506 eisdem
1237 465 1417 507 maxime
1446 475 1507 506 est
1535 466 1679 522 recipi-

287 532 433 574 endus.
486 532 817 574 Circumstantiae
839 531 1092 588 Scripturae3
1128 534 1223 574 Hoc
1243 532 1365 574 facite
1391 533 1433 574 in
1461 533 1540 574 mei
1571 549 1680 575 com-

288 600 636 642 memorationem.
688 599 1026 655 Quotiescunque
1045 600 1303 642 comederitis
1322 600 1434 642 hunc
1454 616 1618 657 panem,
1639 610 1681 643 et

288 667 474 708 biberitis
520 667 573 708 de
616 666 768 723 poculo
812 666 904 718 hoc,
946 677 1119 708 mortem
1161 667 1333 709 Domini
1372 667 1678 710 annuntiabitis.

290 736 448 776 Probet
468 735 649 791 selpsum
669 735 809 786 homo,
829 744 871 776 et
892 735 948 776 sic
968 735 1020 776 de
1040 751 1147 792 pane
1167 736 1238 777 illo
1258 736 1368 787 edat,
1391 745 1432 777 et
1452 736 1504 777 de
1531 736 1681 793 poculo

289 803 416 844 bibat.
474 804 772 845 Convenerunt
801 803 855 844 ad
884 803 1163 860 frangendum
1193 819 1355 861 panem.
1407 806 1467 846 Et
1496 820 1682 861 perseve-

289 881 485 912 raverunt
505 870 549 912 in
568 871 767 912 fractione
787 871 916 928 panis.
969 872 1095 913 Panis
1121 888 1246 928 quem
1273 872 1515 929 frangimus.
1569 874 1681 922 Quo-

290 939 400 981 niam
422 954 531 980 unus
549 939 668 996 panis
688 950 729 981 et
750 955 881 983 unum
902 934 1052 996 corpus
1072 940 1193 981 multi
1209 956 1352 982 sumus
1367 956 1519 982 omnes.
1566 943 1682 982 Ana-

289 1008 399 1065 logia
419 1017 768 1049 sacramentorum
790 1008 1015 1050 necessaria
1035 1018 1122 1056 est;
1156 1024 1252 1050 nam
1274 1009 1306 1050 si
1334 1019 1586 1051 sacramenta
1612 1008 1683 1049 ali-

290 1091 417 1132 quam
453 1076 764 1118 similitudinem
799 1092 881 1118 non
915 1077 1114 1118 haberent
1150 1093 1292 1119 earum
1329 1093 1466 1119 rerum
1503 1093 1681 1134 quarum

292 1153 388 1185 sunt
409 1154 674 1196 sacramenta,
695 1145 862 1186 omnino
884 1155 1136 1187 sacramenta
1155 1161 1237 1187 non
1254 1156 1397 1187 essent.
1446 1145 1682 1187 Similitudo

291 1222 431 1254 autem
452 1213 540 1254 haec
563 1215 705 1255 Coenae
727 1213 959 1255 Dominicae
980 1214 1130 1271 triplex
1152 1223 1226 1255 est.
1279 1214 1422 1255 Prima
1441 1214 1624 1255 consistit
1640 1214 1681 1254 in

291 1280 471 1332 alitione,
493 1282 588 1323 vide
609 1282 848 1333 Rabanum,
868 1284 977 1339 Cyp.
995 1284 1113 1339 Aug.
1132 1283 1355 1333 Irenaeum,
1374 1291 1415 1324 et
1435 1281 1682 1339 planissime,

294 1349 529 1391 Isiodorum
563 1367 613 1391 ex
648 1351 877 1392 Bertramo.
911 1350 952 1392 ii.
983 1351 1025 1391 in
1062 1350 1356 1407 compositione
1383 1350 1609 1392 multorum
1640 1350 1683 1391 in

293 1433 421 1458 vnum
456 1434 507 1459 ex
537 1419 737 1475 Cyprian.
768 1419 822 1460 iii.
855 1421 933 1460 Est
964 1418 1169 1460 dissimilis
1200 1418 1440 1470 similitudo,
1477 1419 1547 1460 ubi
1579 1418 1684 1460 sicut

292 1486 410 1542 panis
430 1487 575 1527 transit
596 1487 637 1527 in
659 1503 810 1543 corpus
830 1496 1031 1535 nostrum,
1054 1487 1112 1527 ita
1127 1502 1201 1527 nos
1221 1502 1294 1543 per
1313 1486 1544 1543 legitimum
1562 1502 1682 1527 usum

292 1554 420 1611 hujus
456 1555 714 1605 sacramenti,
749 1553 977 1612 per‘'fidem
1011 1555 1231 1596 transimus
1261 1555 1303 1596 in
1334 1570 1485 1611 corpus
1517 1554 1682 1596 Christi.

294 1622 419 1663 Dicta
444 1632 636 1679 patrum;
671 1624 785 1680 quod
816 1623 867 1665 sit
898 1623 1056 1680 tropica
1084 1632 1125 1664 et
1155 1623 1376 1679 figurativa
1404 1622 1571 1672 locutio,
1594 1622 1683 1663 Ori-

292 1706 432 1747 geneS,
456 1691 634 1733 Tertull.
659 1692 870 1748 Chrysost.
893 1691 935 1732 in
965 1707 1088 1748 opere
1117 1691 1372 1748 imperfecto,
1399 1693 1515 1747 Aug.
1542 1691 1683 1731 Ambr.

296 1759 422 1800 Basil.
446 1760 574 1815 Greg.
605 1761 708 1801 Naz.
740 1759 874 1801 Hilar.
907 1769 948 1800 et
978 1760 1163 1801 omnium
1194 1759 1413 1800 clarissime
1445 1760 1686 1799 Bertramus

294 1837 437 1869 contra
457 1828 953 1869 transsubstantiationem
974 1827 1166 1869 militant.
1215 1828 1394 1883 Insuper
1414 1827 1598 1868 omnium
1615 1843 1686 1883 pa-

295 1905 405 1938 trum
427 1895 537 1937 dicta
557 1905 598 1937 et
618 1895 721 1946 loca,
743 1911 922 1952 quorum
945 1896 1111 1937 nomina
1135 1911 1261 1952 supra
1286 1895 1566 1938 recensuimus
1593 1910 1687 1936 con-

295 1972 359 2005 tra
378 1963 642 2005 assertionem
662 1963 807 2020 primae
828 1963 1142 2020 propositionis3
1178 1963 1248 2004 sed
1266 1963 1451 2004 omnium
1468 1962 1686 2004 clarissime

295 2041 337 2074 et
367 2031 668 2073 evidentissime
701 2033 901 2082 Irenaeus,
931 2032 1046 2088 Orig.
1081 2034 1188 2089 Cyp.
1223 2031 1436 2088 Chrysost.
1467 2031 1521 2072 ad
1552 2032 1687 2072 Caesa-

295 2100 403 2141 rium
425 2100 688 2150 monachum,
711 2101 827 2155 Aug.
845 2108 988 2140 contra
1003 2099 1296 2149 Adimantum,
1314 2098 1520 2148 Gelasius,
1539 2097 1686 2154 Cyrill.

297 2168 456 2225 Epiph.
481 2168 631 2209 iterum
655 2168 867 2224 Chrysost.
891 2167 933 2208 in
965 2170 1090 2209 Matt.
1121 2183 1193 2218 xx,
1222 2167 1437 2218 Rabanus,
1468 2168 1689 2208 Damasce-

297 2251 390 2287 nus,
416 2237 658 2277 Bertramus
680 2235 942 2292 scripserunt.

356 2303 441 2345 Hic
461 2319 534 2344 vos
554 2303 630 2343 viri
650 2303 916 2353 venerabiles,
946 2303 1110 2344 domine
1142 2303 1439 2359 Proloquutor,
1461 2312 1502 2344 et
1526 2317 1597 2343 vos
1627 2317 1687 2343 re-

297 2372 399 2428 liqui
422 2371 716 2420 Commissarii,
738 2380 903 2427 rogatos
923 2370 1060 2421 velim,
1087 2371 1145 2411 uti
1172 2386 1416 2426 cognoscere
1445 2369 1686 2426 dignemini,

297 2453 363 2480 me
383 2455 466 2480 non
487 2438 619 2480 solum
641 2438 715 2479 niti
735 2438 792 2478 eis
812 2438 919 2489 solis,
942 2454 1037 2494 quae
1057 2438 1256 2479 hactenus
1276 2438 1417 2494 scripsi
1437 2437 1478 2478 in
1500 2437 1600 2479 meis
1622 2453 1687 2478 su-

298 2507 528 2562 perioribus
559 2505 893 2563 responsionibus
925 2515 966 2548 et
996 2505 1401 2554 confirmationibus3
1435 2505 1506 2546 sed
1537 2505 1687 2545 habere

300 2590 467 2630 quoque
487 2590 563 2630 pro
583 2590 674 2615 mea
693 2573 892 2615 sententia
918 2574 1214 2626 confirmanda,
1234 2589 1496 2630 quaecunque
1527 2573 1688 2629 scripsit

301 2643 556 2692 Bertramus,
579 2642 641 2682 vir
661 2642 808 2683 doctus
829 2652 870 2683 et
888 2641 1160 2692 orthodoxus,
1183 2641 1339 2698 quique
1359 2641 1400 2681 in
1422 2641 1527 2682 hanc
1556 2656 1687 2697 usque

301 2719 463 2750 aetatem
485 2719 665 2751 nostram
686 2710 774 2765 jam
801 2710 1070 2766 septingentis
1096 2710 1212 2751 annis
1242 2724 1401 2766 semper
1430 2718 1491 2750 est
1521 2709 1686 2751 habitus

301 2777 539 2828 catholicus,
561 2777 681 2834 cujus
699 2785 918 2820 tractatum
944 2777 1183 2834 quicunque
1212 2777 1355 2833 legerit
1384 2793 1430 2818 ac
1460 2777 1686 2834 perpende-
