1799 3077
490 133 721 174 JUELLI
754 134 1091 175 APOLOGIA.
1404 141 1485 180 113

92 245 328 286 discrimine
353 246 640 297 concumbere,
664 247 850 288 homines
870 246 1031 304 impios,
1054 247 1139 288 sine
1166 248 1360 304 religione
1387 251 1483 301 ulla,

95 313 181 355 sine
216 315 324 366 Deo,
355 314 493 356 hostes
527 314 699 357 humani
733 316 908 372 generis,
940 316 1131 373 indignos
1160 316 1265 367 luce,
1297 317 1486 374 indignos

94 382 179 425 vita
193 385 210 424 ?

151 452 240 492 Ista
261 459 350 491 tum
372 450 510 491 omnia
529 450 773 492 dicebantur
793 450 835 491 in
863 452 1067 508 populum
1090 451 1184 503 Dei,
1207 452 1249 492 in
1272 453 1483 495 Christum

89 520 120 560 J
123 534 254 569 esum,
276 518 319 559 in
341 518 538 569 Paulum,
558 518 600 559 in
623 518 897 574 Stephanum,
918 519 960 560 in
983 535 1051 561 eos
1071 535 1227 570 omnes,
1246 521 1485 578 quicunque

90 587 234 644 primis
259 588 515 644 temporibus
543 587 723 644 amplexi
754 598 851 629 sunt
870 589 1083 630 veritatem
1116 590 1350 646 Evangelii,
1373 601 1414 633 et
1444 608 1485 634 se
1496 604 1614 633 Tertul.
1632 606 1665 633 in

90 656 199 712 passi
220 664 331 706 sunt,
351 656 494 697 odioso
515 664 606 697 tum
626 655 668 696 in
689 656 842 712 vulgus
865 656 1044 708 nomine,
1066 657 1266 714 appellari
1289 659 1486 702 Christia-
1498 648 1631 728 23¹⁰&

90 739 177 765 nos.
227 726 286 765 Et
306 724 496 780 quamvis
516 739 564 765 ea
584 739 668 765 non
688 734 822 766 essent
843 741 952 776 vera,
974 725 1017 766 id
1040 734 1178 766 tamen
1199 726 1402 770 Diabolus
1427 745 1487 770 sa-

89 792 141 833 tis
161 792 339 849 putabat
360 792 436 833 sibi
456 792 559 842 fore,
582 792 614 832 si
635 792 832 834 effecisset
853 793 1010 843 saltem,
1033 802 1081 834 ut
1106 794 1372 836 crederentur
1401 812 1487 838 esse

90 876 201 911 vera,
224 868 355 916 utque
382 859 608 901 Christiani
638 859 807 916 publico
836 860 1022 901 omnium
1052 861 1148 902 odio
1177 862 1423 914 laborarent,
1446 874 1487 905 et

89 928 143 970 ab
182 928 375 969 omnibus
414 927 469 968 ad
508 927 682 969 exitium
723 937 1021 984 quaererentur.
1085 930 1237 985 Itaque
1273 931 1410 987 Reges
1445 942 1486 973 et

92 995 306 1052 Principes
340 995 581 1051 hujusmodi
613 1003 703 1036 tum
734 995 1069 1052 persuasionibus
1097 996 1271 1048 inducti,
1303 999 1486 1041 occidere

92 1065 325 1121 Prophetas
346 1063 427 1104 Dei
447 1063 500 1105 ad
522 1079 654 1105 unum
675 1079 839 1105 omnes:
879 1063 1048 1105 Esaiam
1079 1065 1132 1105 ad
1163 1081 1339 1108 serram:
1384 1068 1486 1109 Hie-

90 1132 261 1173 remiam
280 1131 334 1172 ad
354 1131 535 1187 lapides:
569 1131 788 1173 Danielem
809 1131 862 1173 ad
884 1131 1043 1173 leones:
1077 1134 1211 1174 Amos
1231 1134 1283 1175 ad
1302 1144 1481 1176 vectem:

93 1199 274 1241 Paulum
309 1199 364 1240 ad
397 1199 607 1256 gladium:
651 1200 865 1241 Christum
901 1200 955 1242 ad
989 1217 1178 1243 crucem:
1229 1203 1484 1246 Christianos
1495 1212 1625 1284 §sueton-

1525 1256 1656 1293 ranquil.

90 1284 231 1310 omnes
250 1268 303 1309 ad
324 1283 518 1320 carceres,
535 1268 589 1309 ad
609 1268 822 1325 equuleos,
839 1269 894 1310 ad
913 1269 1066 1321 furcas,
1080 1270 1134 1311 ad
1154 1286 1293 1327 rupes,
1310 1272 1363 1313 ad
1380 1288 1529 1329 prae-5n
1544 1299 1678 1328 Nerone.

90 1336 243 1394 cipitia,
266 1336 317 1378 ad
340 1336 505 1387 bestias,
527 1337 581 1378 ad
600 1335 716 1393 ignes
736 1337 1032 1379 condemnare:
1075 1348 1116 1380 et
1146 1354 1268 1396 rogos
1298 1340 1484 1396 ingentes

89 1420 141 1446 ex
161 1405 323 1446 illorum
345 1405 450 1446 vivis
470 1405 726 1462 corporibus,
750 1414 913 1447 tantum
935 1406 989 1446 ad
1011 1421 1131 1447 usum
1152 1408 1344 1448 nocturni
1363 1408 1483 1449 lumi-

90 1473 166 1524 nis,
188 1482 229 1515 et
249 1473 300 1515 ad
323 1473 550 1515 ludibrium
571 1473 853 1522 inflammare;
886 1489 1039 1530 eosque
1066 1490 1148 1515 non
1178 1474 1259 1515 alio
1287 1475 1377 1517 loco
1407 1492 1483 1517 nu-

89 1557 261 1594 merare,
281 1557 408 1598 quam
428 1558 513 1598 quo
534 1542 673 1583 sordes
693 1541 921 1593 vilissimas,
944 1551 985 1583 et
1015 1542 1269 1584 catharmata
1297 1559 1344 1585 ac
1374 1544 1481 1586 ludi-

88 1611 179 1652 bria
200 1610 327 1652 totius
348 1610 506 1650 mundi.
560 1610 626 1651 Sic
648 1610 837 1652 videlicet
858 1625 1018 1667 semper
1037 1610 1194 1667 accepti
1215 1621 1312 1653 sunt
1339 1622 1479 1655 aucto-

88 1694 153 1720 res
173 1687 214 1719 et
234 1677 483 1734 professores
504 1677 702 1720 veritatis.

149 1748 244 1797 Quo
264 1761 338 1786 nos
364 1745 501 1786 animo
531 1745 713 1801 aequiore
743 1746 851 1787 ferre
881 1745 1094 1796 debemus,
1117 1746 1357 1803 quicunque
1387 1763 1480 1804 pro-

90 1814 306 1857 fessionem
337 1813 556 1870 Evangelii
587 1815 617 1854 J
620 1829 692 1855 esu
725 1813 881 1856 Christi
912 1814 1179 1870 suscepimus,
1202 1814 1234 1856 si
1263 1815 1306 1856 in
1336 1815 1477 1856 eadem

90 1900 214 1926 causa
232 1883 284 1924 ad
306 1881 485 1924 eundem
507 1891 732 1924 tractamur
753 1882 939 1933 modum,
962 1890 1093 1939 utque
1123 1883 1219 1924 olim
1250 1893 1387 1940 patres
1410 1900 1481 1926 no-

91 1951 178 2004 stri,
197 1952 257 1993 ita
275 1966 349 1992 nos
369 1966 538 2007 quoque
558 1950 695 2001 hodie,
716 1950 831 1992 nullo
857 1959 998 1992 nostro
1018 1950 1177 2001 merito,
1201 1959 1363 1992 tantum
1383 1952 1483 2008 quia

89 2019 285 2060 docemus
303 2026 345 2059 et
359 2018 603 2075 profitemur
618 2018 847 2070 veritatem,
864 2017 1066 2070 convitiis,
1081 2018 1351 2069 contumeliis,
1369 2034 1481 2059 men-
1498 2039 1522 2061 1.
1538 2033 1619 2062 Tim.
1635 2033 1675 2062 iv.

89 2086 216 2128 daciis
235 2086 505 2143 exagitamur.

148 2154 341 2196 Clamant
360 2154 483 2195 hodie
511 2154 662 2211 passim
692 2170 767 2196 nos
797 2169 938 2196 omnes
969 2169 1053 2195 esse
1084 2155 1310 2205 haereticos,
1333 2155 1480 2195 disces-

88 2222 186 2264 sisse
206 2238 231 2264 a
255 2223 352 2273 fide,
374 2232 415 2264 et
444 2223 560 2264 novis
590 2222 924 2280 persuasionibus
953 2231 1080 2278 atque
1109 2222 1245 2279 impiis
1274 2221 1480 2278 dogmatis

91 2292 289 2334 Ecclesiae
317 2307 561 2334 consensum
589 2291 870 2349 dissipavisse:
906 2293 994 2332 Nos
1014 2300 1171 2332 veteres
1200 2298 1240 2331 et
1263 2291 1350 2347 jam
1381 2290 1477 2331 olim

89 2361 304 2402 damnatas
334 2361 510 2403 haereses
539 2361 591 2402 ab
621 2360 763 2402 inferis
792 2359 994 2401 redivivas
1023 2359 1251 2408 restituere,
1281 2367 1322 2399 et
1352 2373 1478 2399 novas

90 2438 232 2480 sectaS,
253 2437 378 2485 atque
406 2428 612 2470 inauditos
638 2428 799 2469 furores
829 2426 1115 2468 disseminare:
1153 2427 1183 2466 J
1187 2440 1252 2466 am
1282 2425 1405 2466 etiam
1435 2426 1477 2466 in

89 2496 312 2538 contrarias
347 2496 544 2537 factiones
578 2506 619 2537 et
653 2495 873 2537 sententias
909 2494 1125 2535 distractos
1156 2509 1256 2543 esse,
1287 2508 1361 2534 nec
1391 2493 1478 2534 ullo

90 2574 212 2621 pacto
230 2563 413 2621 potuisse
435 2578 619 2619 unquam
638 2563 744 2602 inter
763 2577 838 2602 nos
857 2561 967 2616 ipsos
990 2560 1229 2601 convenire:
1271 2561 1375 2601 Esse
1407 2561 1478 2601 ho-

90 2632 220 2674 mines
243 2631 405 2688 impios,
425 2640 480 2682 et,
504 2630 736 2687 Gigantum
767 2644 894 2679 more,
916 2629 1009 2669 Deo
1038 2627 1115 2684 ipsi
1145 2627 1300 2669 bellum
1329 2628 1476 2678 facere,

92 2710 134 2742 et
163 2717 331 2758 prorsus
361 2700 446 2742 sine
475 2699 587 2741 omni
616 2696 797 2739 numinis
826 2712 939 2747 cura,
970 2695 1171 2752 cultuque
1195 2696 1356 2737 vivere:
1391 2697 1478 2737 Nos

93 2770 231 2811 omnia
250 2778 358 2811 recte
378 2769 487 2810 facta
507 2767 740 2823 despicere;
774 2780 857 2806 non
877 2764 1041 2806 virtutis
1062 2763 1276 2820 disciplina
1297 2764 1356 2805 uti
1378 2763 1474 2811 ulla,

149 2852 243 2878 VOL.
268 2852 296 2878 Ι.
827 2848 839 2873 1
