<?xml version="1.0" encoding="UTF-8"?>
<!DOCTYPE html PUBLIC "-//W3C//DTD XHTML 1.0 Transitional//EN"
    "http://www.w3.org/TR/xhtml1/DTD/xhtml1-transitional.dtd">
<html xmlns="http://www.w3.org/1999/xhtml" xml:lang="en" lang="en">
 <head>
  <title>
</title>
<meta http-equiv="Content-Type" content="text/html;charset=utf-8" />
  <meta name='ocr-system' content='tesseract 3.04.00' />
  <meta name='ocr-capabilities' content='ocr_page ocr_carea ocr_par ocr_line ocrx_word'/>
</head>
<body>
  <div class='ocr_page' id='page_1' title='image "./enchiridiontheol01rand_0327.png"; bbox 0 0 1799 3077; ppageno 0'>
   <div class='ocr_carea' id='block_1_1' title="bbox 445 139 1503 183">
    <p class='ocr_par' dir='ltr' id='par_1_1' title="bbox 445 139 1503 183">
     <span class='ocr_line' id='line_1_1' title="bbox 445 139 1503 183; baseline 0.001 -2"><span class='ocrx_word' id='word_1_1' title='bbox 445 141 669 182; x_wconf 89' lang='lat' dir='ltr'>NOELLI</span> <span class='ocrx_word' id='word_1_2' title='bbox 704 139 1169 182; x_wconf 84' lang='lat' dir='ltr'>CATECHISMUS.</span> <span class='ocrx_word' id='word_1_3' title='bbox 1419 143 1503 183; x_wconf 75' lang='lat'>313</span> 
     </span>
    </p>
   </div>
   <div class='ocr_carea' id='block_1_2' title="bbox 115 244 1514 2419">
    <p class='ocr_par' dir='ltr' id='par_1_2' title="bbox 117 244 1506 378">
     <span class='ocr_line' id='line_1_2' title="bbox 175 244 1506 310; baseline 0 -16"><span class='ocrx_word' id='word_1_4' title='bbox 175 255 238 294; x_wconf 94' lang='lat' dir='ltr'>M.</span> <span class='ocrx_word' id='word_1_5' title='bbox 271 253 383 304; x_wconf 83' lang='lat' dir='ltr'>Quid</span> <span class='ocrx_word' id='word_1_6' title='bbox 413 269 512 310; x_wconf 86' lang='lat' dir='ltr'>ergo</span> <span class='ocrx_word' id='word_1_7' title='bbox 531 254 583 295; x_wconf 92' lang='lat' dir='ltr'>de</span> <span class='ocrx_word' id='word_1_8' title='bbox 611 252 689 293; x_wconf 89' lang='lat' dir='ltr'>illis</span> <span class='ocrx_word' id='word_1_9' title='bbox 713 252 891 309; x_wconf 84' lang='lat' dir='ltr'>judicas,</span> <span class='ocrx_word' id='word_1_10' title='bbox 914 253 987 309; x_wconf 93' lang='lat' dir='ltr'>qui</span> <span class='ocrx_word' id='word_1_11' title='bbox 1008 244 1213 310; x_wconf 88' lang='lat' dir='ltr'>mysteriis</span> <span class='ocrx_word' id='word_1_12' title='bbox 1233 253 1398 295; x_wconf 85' lang='lat' dir='ltr'>Divinis</span> <span class='ocrx_word' id='word_1_13' title='bbox 1418 263 1506 295; x_wconf 90' lang='lat' dir='ltr'>tan-</span> 
     </span>
     <span class='ocr_line' id='line_1_3' title="bbox 117 321 1243 378; baseline -0.001 -16"><span class='ocrx_word' id='word_1_14' title='bbox 117 337 243 378; x_wconf 85' lang='lat' dir='ltr'><strong>quam</strong></span> <span class='ocrx_word' id='word_1_15' title='bbox 262 322 399 363; x_wconf 86' lang='lat' dir='ltr'>minus</span> <span class='ocrx_word' id='word_1_16' title='bbox 419 321 667 372; x_wconf 86' lang='lat' dir='ltr'>necessariis,</span> <span class='ocrx_word' id='word_1_17' title='bbox 689 337 826 362; x_wconf 88' lang='lat' dir='ltr'>carere</span> <span class='ocrx_word' id='word_1_18' title='bbox 848 337 889 362; x_wconf 91' lang='lat' dir='ltr'>se</span> <span class='ocrx_word' id='word_1_19' title='bbox 909 337 1027 378; x_wconf 87' lang='lat' dir='ltr'>posse</span> <span class='ocrx_word' id='word_1_20' title='bbox 1046 324 1243 363; x_wconf 85' lang='lat' dir='ltr'>censent?</span> 
     </span>
    </p>

    <p class='ocr_par' dir='ltr' id='par_1_3' title="bbox 115 389 1510 1197">
     <span class='ocr_line' id='line_1_4' title="bbox 174 389 1508 440; baseline -0.001 -9"><span class='ocrx_word' id='word_1_21' title='bbox 174 393 229 431; x_wconf 93' lang='lat' dir='ltr'>A.</span> <span class='ocrx_word' id='word_1_22' title='bbox 264 390 466 439; x_wconf 90' lang='lat' dir='ltr'>Primum,</span> <span class='ocrx_word' id='word_1_23' title='bbox 488 389 586 430; x_wconf 91' lang='lat' dir='ltr'>huic</span> <span class='ocrx_word' id='word_1_24' title='bbox 614 389 657 429; x_wconf 91' lang='lat' dir='ltr'>in</span> <span class='ocrx_word' id='word_1_25' title='bbox 684 390 823 430; x_wconf 89' lang='lat' dir='ltr'>Deum</span> <span class='ocrx_word' id='word_1_26' title='bbox 856 391 1039 440; x_wconf 90' lang='lat' dir='ltr'>Patrem,</span> <span class='ocrx_word' id='word_1_27' title='bbox 1061 405 1108 430; x_wconf 89' lang='lat' dir='ltr'>ac</span> <span class='ocrx_word' id='word_1_28' title='bbox 1143 390 1403 430; x_wconf 90' lang='lat' dir='ltr'>Servatorem</span> <span class='ocrx_word' id='word_1_29' title='bbox 1436 404 1508 430; x_wconf 91' lang='lat' dir='ltr'>no-</span> 
     </span>
     <span class='ocr_line' id='line_1_5' title="bbox 117 456 1508 514; baseline -0.001 -15"><span class='ocrx_word' id='word_1_30' title='bbox 117 467 247 499; x_wconf 87' lang='lat' dir='ltr'>strum</span> <span class='ocrx_word' id='word_1_31' title='bbox 270 460 299 499; x_wconf 87' lang='lat' dir='ltr'><strong>J</strong></span> <span class='ocrx_word' id='word_1_32' title='bbox 303 473 417 499; x_wconf 88' lang='lat' dir='ltr'>esum</span> <span class='ocrx_word' id='word_1_33' title='bbox 442 457 670 508; x_wconf 75' lang='lat' dir='ltr'>Christum,</span> <span class='ocrx_word' id='word_1_34' title='bbox 692 467 818 514; x_wconf 90' lang='lat' dir='ltr'>atque</span> <span class='ocrx_word' id='word_1_35' title='bbox 848 458 938 514; x_wconf 83' lang='lat' dir='ltr'>ejus</span> <span class='ocrx_word' id='word_1_36' title='bbox 967 458 1090 499; x_wconf 89' lang='lat' dir='ltr'>etiam</span> <span class='ocrx_word' id='word_1_37' title='bbox 1119 456 1345 499; x_wconf 87' lang='lat' dir='ltr'>Ecclesiam</span> <span class='ocrx_word' id='word_1_38' title='bbox 1375 456 1508 498; x_wconf 89' lang='lat' dir='ltr'>officio</span> 
     </span>
     <span class='ocr_line' id='line_1_6' title="bbox 118 525 1509 583; baseline -0.001 -16"><span class='ocrx_word' id='word_1_39' title='bbox 118 536 201 568; x_wconf 89' lang='lat' dir='ltr'>tam</span> <span class='ocrx_word' id='word_1_40' title='bbox 229 527 299 583; x_wconf 89' lang='lat' dir='ltr'>pio</span> <span class='ocrx_word' id='word_1_41' title='bbox 319 536 445 582; x_wconf 88' lang='lat' dir='ltr'>atque</span> <span class='ocrx_word' id='word_1_42' title='bbox 466 526 607 567; x_wconf 90' lang='lat' dir='ltr'>debito</span> <span class='ocrx_word' id='word_1_43' title='bbox 636 526 776 567; x_wconf 84' lang='lat' dir='ltr'>deesse</span> <span class='ocrx_word' id='word_1_44' title='bbox 806 526 891 567; x_wconf 89' lang='lat' dir='ltr'>sine</span> <span class='ocrx_word' id='word_1_45' title='bbox 912 535 931 564; x_wconf 85' lang='lat' dir='ltr'>P</span> <span class='ocrx_word' id='word_1_46' title='bbox 945 541 1106 567; x_wconf 89' lang='lat' dir='ltr'>summo</span> <span class='ocrx_word' id='word_1_47' title='bbox 1127 525 1275 567; x_wconf 89' lang='lat' dir='ltr'>scelere</span> <span class='ocrx_word' id='word_1_48' title='bbox 1303 540 1387 566; x_wconf 91' lang='lat' dir='ltr'>non</span> <span class='ocrx_word' id='word_1_49' title='bbox 1416 540 1509 581; x_wconf 87' lang='lat' dir='ltr'>pos-</span> 
     </span>
     <span class='ocr_line' id='line_1_7' title="bbox 118 592 1508 651; baseline -0.002 -16"><span class='ocrx_word' id='word_1_50' title='bbox 118 603 224 635; x_wconf 85' lang='lat' dir='ltr'>sunt.</span> <span class='ocrx_word' id='word_1_51' title='bbox 285 596 395 636; x_wconf 88' lang='lat' dir='ltr'>Nam</span> <span class='ocrx_word' id='word_1_52' title='bbox 422 595 526 651; x_wconf 87' lang='lat' dir='ltr'>quid</span> <span class='ocrx_word' id='word_1_53' title='bbox 555 595 633 635; x_wconf 92' lang='lat' dir='ltr'>hoc</span> <span class='ocrx_word' id='word_1_54' title='bbox 662 595 777 635; x_wconf 89' lang='lat' dir='ltr'>aliud</span> <span class='ocrx_word' id='word_1_55' title='bbox 807 603 925 645; x_wconf 88' lang='lat' dir='ltr'>esset,</span> <span class='ocrx_word' id='word_1_56' title='bbox 948 609 1073 650; x_wconf 90' lang='lat' dir='ltr'>quam</span> <span class='ocrx_word' id='word_1_57' title='bbox 1096 593 1311 635; x_wconf 81' lang='lat' dir='ltr'>Christum</span> <span class='ocrx_word' id='word_1_58' title='bbox 1340 592 1508 649; x_wconf 86' lang='lat' dir='ltr'>oblique</span> 
     </span>
     <span class='ocr_line' id='line_1_8' title="bbox 117 661 1506 719; baseline -0.002 -16"><span class='ocrx_word' id='word_1_59' title='bbox 117 662 351 718; x_wconf 85' lang='lat' dir='ltr'>abnegare?</span> <span class='ocrx_word' id='word_1_60' title='bbox 384 665 444 704; x_wconf 90' lang='lat' dir='ltr'>Et</span> <span class='ocrx_word' id='word_1_61' title='bbox 464 662 537 719; x_wconf 90' lang='lat' dir='ltr'>qui</span> <span class='ocrx_word' id='word_1_62' title='bbox 568 678 609 703; x_wconf 89' lang='lat' dir='ltr'>se</span> <span class='ocrx_word' id='word_1_63' title='bbox 631 662 914 704; x_wconf 88' lang='lat' dir='ltr'>Christianum</span> <span class='ocrx_word' id='word_1_64' title='bbox 935 671 954 700; x_wconf 93' lang='lat' dir='ltr'>q</span> <span class='ocrx_word' id='word_1_65' title='bbox 968 662 1152 719; x_wconf 90' lang='lat' dir='ltr'>profiteri</span> <span class='ocrx_word' id='word_1_66' title='bbox 1180 677 1265 702; x_wconf 94' lang='lat' dir='ltr'>non</span> <span class='ocrx_word' id='word_1_67' title='bbox 1295 661 1506 717; x_wconf 83' lang='lat' dir='ltr'>dignatur,</span> 
     </span>
     <span class='ocr_line' id='line_1_9' title="bbox 117 730 1510 787; baseline -0.002 -15"><span class='ocrx_word' id='word_1_68' title='bbox 117 730 312 787; x_wconf 85' lang='lat' dir='ltr'>indignus</span> <span class='ocrx_word' id='word_1_69' title='bbox 338 740 413 782; x_wconf 89' lang='lat' dir='ltr'>est,</span> <span class='ocrx_word' id='word_1_70' title='bbox 435 731 507 787; x_wconf 91' lang='lat' dir='ltr'>qui</span> <span class='ocrx_word' id='word_1_71' title='bbox 537 731 580 771; x_wconf 93' lang='lat' dir='ltr'>in</span> <span class='ocrx_word' id='word_1_72' title='bbox 603 730 935 772; x_wconf 88' lang='lat' dir='ltr'>Christianorum</span> <span class='ocrx_word' id='word_1_73' title='bbox 955 745 1127 771; x_wconf 87' lang='lat' dir='ltr'>numero</span> <span class='ocrx_word' id='word_1_74' title='bbox 1147 730 1361 770; x_wconf 86' lang='lat' dir='ltr'>habeatur.</span> <span class='ocrx_word' id='word_1_75' title='bbox 1424 730 1510 769; x_wconf 90' lang='lat' dir='ltr'>De·-</span> 
     </span>
     <span class='ocr_line' id='line_1_10' title="bbox 115 797 1510 855; baseline -0.002 -15"><span class='ocrx_word' id='word_1_76' title='bbox 115 799 225 850; x_wconf 89' lang='lat' dir='ltr'>inde,</span> <span class='ocrx_word' id='word_1_77' title='bbox 248 800 280 840; x_wconf 92' lang='lat' dir='ltr'>si</span> <span class='ocrx_word' id='word_1_78' title='bbox 301 800 373 855; x_wconf 89' lang='lat' dir='ltr'>qui</span> <span class='ocrx_word' id='word_1_79' title='bbox 396 801 754 840; x_wconf 88' lang='lat' dir='ltr'>Sacramentorum</span> <span class='ocrx_word' id='word_1_80' title='bbox 776 814 914 848; x_wconf 87' lang='lat' dir='ltr'>usum,</span> <span class='ocrx_word' id='word_1_81' title='bbox 936 813 983 839; x_wconf 90' lang='lat' dir='ltr'>ac</span> <span class='ocrx_word' id='word_1_82' title='bbox 1010 798 1041 839; x_wconf 89' lang='lat' dir='ltr'>si</span> <span class='ocrx_word' id='word_1_83' title='bbox 1062 813 1168 854; x_wconf 86' lang='lat' dir='ltr'>opus</span> <span class='ocrx_word' id='word_1_84' title='bbox 1188 798 1236 838; x_wconf 89' lang='lat' dir='ltr'>iis</span> <span class='ocrx_word' id='word_1_85' title='bbox 1256 806 1364 838; x_wconf 86' lang='lat' dir='ltr'>rnon</span> <span class='ocrx_word' id='word_1_86' title='bbox 1384 797 1510 838; x_wconf 89' lang='lat' dir='ltr'>habe-</span> 
     </span>
     <span class='ocr_line' id='line_1_11' title="bbox 116 865 1510 924; baseline -0.002 -16"><span class='ocrx_word' id='word_1_87' title='bbox 116 876 220 917; x_wconf 83' lang='lat' dir='ltr'>rent,</span> <span class='ocrx_word' id='word_1_88' title='bbox 242 876 574 924; x_wconf 80' lang='lat' dir='ltr'>aspernarentur,</span> <span class='ocrx_word' id='word_1_89' title='bbox 605 882 688 907; x_wconf 93' lang='lat' dir='ltr'>non</span> <span class='ocrx_word' id='word_1_90' title='bbox 720 866 846 908; x_wconf 89' lang='lat' dir='ltr'>modo</span> <span class='ocrx_word' id='word_1_91' title='bbox 877 867 1124 922; x_wconf 76' lang='lat' dir='ltr'>arrogantiae</span> <span class='ocrx_word' id='word_1_92' title='bbox 1157 881 1344 915; x_wconf 79' lang='lat' dir='ltr'>summae,</span> <span class='ocrx_word' id='word_1_93' title='bbox 1367 865 1438 906; x_wconf 90' lang='lat' dir='ltr'>sed</span> <span class='ocrx_word' id='word_1_94' title='bbox 1468 874 1510 906; x_wconf 90' lang='lat' dir='ltr'>et</span> 
     </span>
     <span class='ocr_line' id='line_1_12' title="bbox 117 932 1506 992; baseline -0.003 -15"><span class='ocrx_word' id='word_1_95' title='bbox 117 936 337 992; x_wconf 88' lang='lat' dir='ltr'>impietatis</span> <span class='ocrx_word' id='word_1_96' title='bbox 364 936 487 977; x_wconf 87' lang='lat' dir='ltr'>etiam</span> <span class='ocrx_word' id='word_1_97' title='bbox 516 935 559 976; x_wconf 94' lang='lat' dir='ltr'>in</span> <span class='ocrx_word' id='word_1_98' title='bbox 581 936 721 976; x_wconf 91' lang='lat' dir='ltr'>Deum</span> <span class='ocrx_word' id='word_1_99' title='bbox 742 935 889 976; x_wconf 89' lang='lat' dir='ltr'>merito</span> <span class='ocrx_word' id='word_1_100' title='bbox 909 934 1096 975; x_wconf 85' lang='lat' dir='ltr'>damnari</span> <span class='ocrx_word' id='word_1_101' title='bbox 1116 934 1267 974; x_wconf 88' lang='lat' dir='ltr'>debere</span> <span class='ocrx_word' id='word_1_102' title='bbox 1293 932 1506 980; x_wconf 85' lang='lat' dir='ltr'>existimo;</span> 
     </span>
     <span class='ocr_line' id='line_1_13' title="bbox 116 1001 1507 1059; baseline -0.002 -15"><span class='ocrx_word' id='word_1_103' title='bbox 116 1019 248 1059; x_wconf 89' lang='lat' dir='ltr'>quum</span> <span class='ocrx_word' id='word_1_104' title='bbox 279 1019 361 1044; x_wconf 93' lang='lat' dir='ltr'>non</span> <span class='ocrx_word' id='word_1_105' title='bbox 394 1019 479 1044; x_wconf 86' lang='lat' dir='ltr'>suae</span> <span class='ocrx_word' id='word_1_106' title='bbox 510 1011 672 1044; x_wconf 89' lang='lat' dir='ltr'>tantum</span> <span class='ocrx_word' id='word_1_107' title='bbox 703 1002 952 1043; x_wconf 89' lang='lat' dir='ltr'>infirmitatis</span> <span class='ocrx_word' id='word_1_108' title='bbox 985 1001 1181 1052; x_wconf 87' lang='lat' dir='ltr'>subsidia,</span> <span class='ocrx_word' id='word_1_109' title='bbox 1205 1001 1276 1042; x_wconf 88' lang='lat' dir='ltr'>sed</span> <span class='ocrx_word' id='word_1_110' title='bbox 1297 1010 1337 1042; x_wconf 90' lang='lat' dir='ltr'>et</span> <span class='ocrx_word' id='word_1_111' title='bbox 1368 1002 1507 1041; x_wconf 91' lang='lat' dir='ltr'>Deum</span> 
     </span>
     <span class='ocr_line' id='line_1_14' title="bbox 116 1067 1509 1129; baseline -0.002 -16"><span class='ocrx_word' id='word_1_112' title='bbox 116 1073 298 1129; x_wconf 87' lang='lat' dir='ltr'>ipsorum</span> <span class='ocrx_word' id='word_1_113' title='bbox 319 1072 534 1113; x_wconf 86' lang='lat' dir='ltr'>authorem</span> <span class='ocrx_word' id='word_1_114' title='bbox 557 1080 835 1122; x_wconf 85' lang='lat' dir='ltr'>contemnant,</span> <span class='ocrx_word' id='word_1_115' title='bbox 858 1070 987 1127; x_wconf 88' lang='lat' dir='ltr'>ipsius</span> <span class='ocrx_word' id='word_1_116' title='bbox 1007 1079 1020 1099; x_wconf 85' lang='lat' dir='ltr'>s</span> <span class='ocrx_word' id='word_1_117' title='bbox 1033 1070 1208 1126; x_wconf 86' lang='lat' dir='ltr'>gratiam</span> <span class='ocrx_word' id='word_1_118' title='bbox 1237 1079 1448 1126; x_wconf 85' lang='lat' dir='ltr'>respuant,</span> <span class='ocrx_word' id='word_1_119' title='bbox 1469 1067 1509 1110; x_wconf 87' lang='lat' dir='ltr'>et</span> 
     </span>
     <span class='ocr_line' id='line_1_15' title="bbox 119 1139 1121 1197; baseline -0.003 -16"><span class='ocrx_word' id='word_1_120' title='bbox 119 1140 336 1197; x_wconf 87' lang='lat' dir='ltr'>Spiritum,</span> <span class='ocrx_word' id='word_1_121' title='bbox 357 1149 560 1196; x_wconf 85' lang='lat' dir='ltr'>quantum</span> <span class='ocrx_word' id='word_1_122' title='bbox 582 1139 625 1181; x_wconf 92' lang='lat' dir='ltr'>in</span> <span class='ocrx_word' id='word_1_123' title='bbox 646 1139 744 1196; x_wconf 89' lang='lat' dir='ltr'>ipsis</span> <span class='ocrx_word' id='word_1_124' title='bbox 763 1149 838 1189; x_wconf 81' lang='lat' dir='ltr'>est,</span> <span class='ocrx_word' id='word_1_125' title='bbox 862 1139 1121 1195; x_wconf 82' lang='lat' dir='ltr'>extinguant.</span> 
     </span>
    </p>

    <p class='ocr_par' dir='ltr' id='par_1_4' title="bbox 117 1206 1511 1538">
     <span class='ocr_line' id='line_1_16' title="bbox 176 1206 1510 1263; baseline -0.002 -14"><span class='ocrx_word' id='word_1_126' title='bbox 176 1210 240 1249; x_wconf 94' lang='lat' dir='ltr'>M.</span> <span class='ocrx_word' id='word_1_127' title='bbox 274 1209 340 1249; x_wconf 93' lang='lat' dir='ltr'>De</span> <span class='ocrx_word' id='word_1_128' title='bbox 361 1208 589 1249; x_wconf 80' lang='lat' dir='ltr'>visibilibus</span> <span class='ocrx_word' id='word_1_129' title='bbox 609 1207 779 1263; x_wconf 88' lang='lat' dir='ltr'>quidem</span> <span class='ocrx_word' id='word_1_130' title='bbox 810 1206 950 1263; x_wconf 85' lang='lat' dir='ltr'>signis,</span> <span class='ocrx_word' id='word_1_131' title='bbox 972 1216 1013 1248; x_wconf 92' lang='lat' dir='ltr'>et</span> <span class='ocrx_word' id='word_1_132' title='bbox 1036 1215 1206 1247; x_wconf 85' lang='lat' dir='ltr'>externo</span> <span class='ocrx_word' id='word_1_133' title='bbox 1228 1206 1510 1247; x_wconf 76' lang='lat' dir='ltr'>sacramento-</span> 
     </span>
     <span class='ocr_line' id='line_1_17' title="bbox 119 1273 1511 1332; baseline -0.003 -15"><span class='ocrx_word' id='word_1_134' title='bbox 119 1291 213 1317; x_wconf 90' lang='lat' dir='ltr'>rum</span> <span class='ocrx_word' id='word_1_135' title='bbox 233 1292 313 1317; x_wconf 92' lang='lat' dir='ltr'>usu</span> <span class='ocrx_word' id='word_1_136' title='bbox 334 1276 534 1318; x_wconf 89' lang='lat' dir='ltr'>rationem</span> <span class='ocrx_word' id='word_1_137' title='bbox 555 1275 772 1332; x_wconf 84' lang='lat' dir='ltr'>intelligis;</span> <span class='ocrx_word' id='word_1_138' title='bbox 805 1275 877 1316; x_wconf 89' lang='lat' dir='ltr'>sed</span> <span class='ocrx_word' id='word_1_139' title='bbox 897 1275 1012 1331; x_wconf 89' lang='lat' dir='ltr'>quod</span> <span class='ocrx_word' id='word_1_140' title='bbox 1033 1274 1213 1315; x_wconf 88' lang='lat' dir='ltr'>secundo</span> <span class='ocrx_word' id='word_1_141' title='bbox 1237 1274 1326 1314; x_wconf 91' lang='lat' dir='ltr'>loco</span> <span class='ocrx_word' id='word_1_142' title='bbox 1345 1273 1428 1313; x_wconf 86' lang='lat' dir='ltr'>vim</span> <span class='ocrx_word' id='word_1_143' title='bbox 1450 1283 1511 1314; x_wconf 87' lang='lat' dir='ltr'>at-</span> 
     </span>
     <span class='ocr_line' id='line_1_18' title="bbox 117 1341 1510 1401; baseline -0.003 -16"><span class='ocrx_word' id='word_1_144' title='bbox 117 1360 200 1401; x_wconf 88' lang='lat' dir='ltr'>que</span> <span class='ocrx_word' id='word_1_145' title='bbox 220 1344 437 1385; x_wconf 88' lang='lat' dir='ltr'>efficaciam</span> <span class='ocrx_word' id='word_1_146' title='bbox 468 1343 736 1400; x_wconf 82' lang='lat' dir='ltr'>consignandi</span> <span class='ocrx_word' id='word_1_147' title='bbox 768 1342 1122 1398; x_wconf 85' lang='lat' dir='ltr'>confirmandique</span> <span class='ocrx_word' id='word_1_148' title='bbox 1151 1342 1194 1382; x_wconf 89' lang='lat' dir='ltr'>in</span> <span class='ocrx_word' id='word_1_149' title='bbox 1225 1341 1418 1382; x_wconf 89' lang='lat' dir='ltr'>cordibus</span> <span class='ocrx_word' id='word_1_150' title='bbox 1440 1356 1510 1382; x_wconf 91' lang='lat' dir='ltr'>no-</span> 
     </span>
     <span class='ocr_line' id='line_1_19' title="bbox 118 1409 1511 1469; baseline -0.002 -17"><span class='ocrx_word' id='word_1_151' title='bbox 118 1412 211 1453; x_wconf 88' lang='lat' dir='ltr'>stris</span> <span class='ocrx_word' id='word_1_152' title='bbox 240 1413 528 1469; x_wconf 83' lang='lat' dir='ltr'>promissiones</span> <span class='ocrx_word' id='word_1_153' title='bbox 549 1412 709 1453; x_wconf 89' lang='lat' dir='ltr'>divinas</span> <span class='ocrx_word' id='word_1_154' title='bbox 732 1411 1005 1452; x_wconf 88' lang='lat' dir='ltr'>Sacramentis</span> <span class='ocrx_word' id='word_1_155' title='bbox 1025 1410 1186 1461; x_wconf 85' lang='lat' dir='ltr'>tribuis,</span> <span class='ocrx_word' id='word_1_156' title='bbox 1209 1409 1360 1451; x_wconf 89' lang='lat' dir='ltr'>videris</span> <span class='ocrx_word' id='word_1_157' title='bbox 1380 1410 1511 1450; x_wconf 87' lang='lat' dir='ltr'>officia</span> 
     </span>
     <span class='ocr_line' id='line_1_20' title="bbox 121 1480 986 1538; baseline -0.002 -16"><span class='ocrx_word' id='word_1_158' title='bbox 121 1481 300 1537; x_wconf 88' lang='lat' dir='ltr'>Spiritus</span> <span class='ocrx_word' id='word_1_159' title='bbox 323 1481 461 1522; x_wconf 86' lang='lat' dir='ltr'>Sancti</span> <span class='ocrx_word' id='word_1_160' title='bbox 481 1480 649 1538; x_wconf 87' lang='lat' dir='ltr'>propria</span> <span class='ocrx_word' id='word_1_161' title='bbox 668 1480 748 1521; x_wconf 90' lang='lat' dir='ltr'>illis</span> <span class='ocrx_word' id='word_1_162' title='bbox 767 1480 986 1537; x_wconf 83' lang='lat' dir='ltr'>assignare.</span> 
     </span>
    </p>

    <p class='ocr_par' dir='ltr' id='par_1_5' title="bbox 120 1545 1514 2419">
     <span class='ocr_line' id='line_1_21' title="bbox 177 1545 1509 1605; baseline -0.002 -16"><span class='ocrx_word' id='word_1_163' title='bbox 177 1551 233 1589; x_wconf 84' lang='lat' dir='ltr'>A.</span> <span class='ocrx_word' id='word_1_164' title='bbox 268 1553 279 1574; x_wconf 67' lang='lat' dir='ltr'>t</span> <span class='ocrx_word' id='word_1_165' title='bbox 294 1550 461 1590; x_wconf 89' lang='lat' dir='ltr'>Mentes</span> <span class='ocrx_word' id='word_1_166' title='bbox 494 1548 663 1605; x_wconf 88' lang='lat' dir='ltr'>quidem</span> <span class='ocrx_word' id='word_1_167' title='bbox 698 1558 824 1604; x_wconf 86' lang='lat' dir='ltr'>atque</span> <span class='ocrx_word' id='word_1_168' title='bbox 859 1548 1016 1589; x_wconf 89' lang='lat' dir='ltr'>animos</span> <span class='ocrx_word' id='word_1_169' title='bbox 1053 1547 1258 1588; x_wconf 89' lang='lat' dir='ltr'>humanos</span> <span class='ocrx_word' id='word_1_170' title='bbox 1291 1545 1509 1596; x_wconf 87' lang='lat' dir='ltr'>illustrare,</span> 
     </span>
     <span class='ocr_line' id='line_1_22' title="bbox 120 1615 1511 1672; baseline -0.002 -15"><span class='ocrx_word' id='word_1_171' title='bbox 120 1624 246 1672; x_wconf 86' lang='lat' dir='ltr'>atque</span> <span class='ocrx_word' id='word_1_172' title='bbox 276 1616 520 1668; x_wconf 89' lang='lat' dir='ltr'>illuminare,</span> <span class='ocrx_word' id='word_1_173' title='bbox 549 1616 815 1658; x_wconf 88' lang='lat' dir='ltr'>conscientias</span> <span class='ocrx_word' id='word_1_174' title='bbox 844 1617 942 1657; x_wconf 89' lang='lat' dir='ltr'>item</span> <span class='ocrx_word' id='word_1_175' title='bbox 972 1615 1214 1671; x_wconf 86' lang='lat' dir='ltr'>tranquillas</span> <span class='ocrx_word' id='word_1_176' title='bbox 1243 1623 1369 1670; x_wconf 88' lang='lat' dir='ltr'>atque</span> <span class='ocrx_word' id='word_1_177' title='bbox 1399 1630 1511 1654; x_wconf 86' lang='lat' dir='ltr'>secu-</span> 
     </span>
     <span class='ocr_line' id='line_1_23' title="bbox 122 1682 1512 1738; baseline -0.002 -13"><span class='ocrx_word' id='word_1_178' title='bbox 122 1700 187 1725; x_wconf 89' lang='lat' dir='ltr'>ras</span> <span class='ocrx_word' id='word_1_179' title='bbox 207 1685 392 1735; x_wconf 82' lang='lat' dir='ltr'>reddere,</span> <span class='ocrx_word' id='word_1_180' title='bbox 415 1694 462 1726; x_wconf 90' lang='lat' dir='ltr'>ut</span> <span class='ocrx_word' id='word_1_181' title='bbox 490 1701 633 1726; x_wconf 90' lang='lat' dir='ltr'>revera</span> <span class='ocrx_word' id='word_1_182' title='bbox 660 1695 770 1736; x_wconf 88' lang='lat' dir='ltr'>sunt,</span> <span class='ocrx_word' id='word_1_183' title='bbox 792 1685 850 1726; x_wconf 87' lang='lat' dir='ltr'>ita</span> <span class='ocrx_word' id='word_1_184' title='bbox 868 1694 908 1726; x_wconf 92' lang='lat' dir='ltr'>et</span> <span class='ocrx_word' id='word_1_185' title='bbox 929 1684 1082 1725; x_wconf 91' lang='lat' dir='ltr'>censeri</span> <span class='ocrx_word' id='word_1_186' title='bbox 1102 1684 1255 1724; x_wconf 90' lang='lat' dir='ltr'>debent</span> <span class='ocrx_word' id='word_1_187' title='bbox 1275 1683 1399 1724; x_wconf 88' lang='lat' dir='ltr'>solius</span> <span class='ocrx_word' id='word_1_188' title='bbox 1421 1682 1512 1738; x_wconf 86' lang='lat' dir='ltr'>Spi-</span> 
     </span>
     <span class='ocr_line' id='line_1_24' title="bbox 122 1750 1511 1810; baseline -0.001 -17"><span class='ocrx_word' id='word_1_189' title='bbox 122 1753 227 1794; x_wconf 87' lang='lat' dir='ltr'>ritus</span> <span class='ocrx_word' id='word_1_190' title='bbox 248 1753 329 1793; x_wconf 89' lang='lat' dir='ltr'>Dei</span> <span class='ocrx_word' id='word_1_191' title='bbox 349 1753 563 1809; x_wconf 86' lang='lat' dir='ltr'>proprium</span> <span class='ocrx_word' id='word_1_192' title='bbox 585 1769 704 1810; x_wconf 88' lang='lat' dir='ltr'>opus,</span> <span class='ocrx_word' id='word_1_193' title='bbox 723 1753 864 1809; x_wconf 88' lang='lat' dir='ltr'>illique</span> <span class='ocrx_word' id='word_1_194' title='bbox 880 1761 1047 1809; x_wconf 90' lang='lat' dir='ltr'>accepta</span> <span class='ocrx_word' id='word_1_195' title='bbox 1066 1751 1224 1802; x_wconf 88' lang='lat' dir='ltr'>referri,</span> <span class='ocrx_word' id='word_1_196' title='bbox 1241 1766 1293 1792; x_wconf 91' lang='lat' dir='ltr'>ne</span> <span class='ocrx_word' id='word_1_197' title='bbox 1313 1751 1404 1792; x_wconf 87' lang='lat' dir='ltr'>laus</span> <span class='ocrx_word' id='word_1_198' title='bbox 1423 1750 1511 1791; x_wconf 83' lang='lat' dir='ltr'>haec</span> 
     </span>
     <span class='ocr_line' id='line_1_25' title="bbox 121 1819 1513 1876; baseline -0.001 -15"><span class='ocrx_word' id='word_1_199' title='bbox 121 1821 202 1862; x_wconf 89' lang='lat' dir='ltr'>alio</span> <span class='ocrx_word' id='word_1_200' title='bbox 231 1822 516 1862; x_wconf 86' lang='lat' dir='ltr'>transferatur.</span> <span class='ocrx_word' id='word_1_201' title='bbox 578 1823 731 1862; x_wconf 89' lang='lat' dir='ltr'>Verum</span> <span class='ocrx_word' id='word_1_202' title='bbox 762 1822 840 1863; x_wconf 94' lang='lat' dir='ltr'>hoc</span> <span class='ocrx_word' id='word_1_203' title='bbox 873 1821 975 1862; x_wconf 88' lang='lat' dir='ltr'>nihil</span> <span class='ocrx_word' id='word_1_204' title='bbox 1003 1821 1154 1871; x_wconf 85' lang='lat' dir='ltr'>obstat,</span> <span class='ocrx_word' id='word_1_205' title='bbox 1175 1820 1278 1876; x_wconf 92' lang='lat' dir='ltr'>quin</span> <span class='ocrx_word' id='word_1_206' title='bbox 1307 1819 1513 1876; x_wconf 86' lang='lat' dir='ltr'>mysteriis</span> 
     </span>
     <span class='ocr_line' id='line_1_26' title="bbox 122 1887 1512 1946; baseline -0.002 -16"><span class='ocrx_word' id='word_1_207' title='bbox 122 1889 205 1930; x_wconf 88' lang='lat' dir='ltr'>suis</span> <span class='ocrx_word' id='word_1_208' title='bbox 238 1889 437 1930; x_wconf 85' lang='lat' dir='ltr'>secundas</span> <span class='ocrx_word' id='word_1_209' title='bbox 470 1898 607 1946; x_wconf 89' lang='lat' dir='ltr'>partes</span> <span class='ocrx_word' id='word_1_210' title='bbox 641 1889 684 1930; x_wconf 92' lang='lat' dir='ltr'>in</span> <span class='ocrx_word' id='word_1_211' title='bbox 719 1889 864 1930; x_wconf 82' lang='lat' dir='ltr'>anilnis</span> <span class='ocrx_word' id='word_1_212' title='bbox 904 1899 1030 1945; x_wconf 93' lang='lat' dir='ltr'>atque</span> <span class='ocrx_word' id='word_1_213' title='bbox 1069 1887 1324 1929; x_wconf 89' lang='lat' dir='ltr'>conscientiis</span> <span class='ocrx_word' id='word_1_214' title='bbox 1363 1887 1512 1928; x_wconf 87' lang='lat' dir='ltr'>nostris</span> 
     </span>
     <span class='ocr_line' id='line_1_27' title="bbox 121 1956 1513 2016; baseline -0.002 -17"><span class='ocrx_word' id='word_1_215' title='bbox 121 1959 437 2015; x_wconf 84' lang='lat' dir='ltr'>tranquillandis</span> <span class='ocrx_word' id='word_1_216' title='bbox 467 1969 592 2016; x_wconf 92' lang='lat' dir='ltr'>atque</span> <span class='ocrx_word' id='word_1_217' title='bbox 623 1959 875 2000; x_wconf 85' lang='lat' dir='ltr'>stabiliendis</span> <span class='ocrx_word' id='word_1_218' title='bbox 902 1960 1020 1999; x_wconf 90' lang='lat' dir='ltr'>Deus</span> <span class='ocrx_word' id='word_1_219' title='bbox 1050 1957 1232 2006; x_wconf 89' lang='lat' dir='ltr'>tribuat;</span> <span class='ocrx_word' id='word_1_220' title='bbox 1266 1957 1338 1998; x_wconf 88' lang='lat' dir='ltr'>sed</span> <span class='ocrx_word' id='word_1_221' title='bbox 1366 1956 1425 1997; x_wconf 89' lang='lat' dir='ltr'>ita</span> <span class='ocrx_word' id='word_1_222' title='bbox 1453 1964 1513 1996; x_wconf 90' lang='lat' dir='ltr'>ta-</span> 
     </span>
     <span class='ocr_line' id='line_1_28' title="bbox 122 2026 1514 2084; baseline -0.002 -17"><span class='ocrx_word' id='word_1_223' title='bbox 122 2042 231 2078; x_wconf 89' lang='lat' dir='ltr'>men,</span> <span class='ocrx_word' id='word_1_224' title='bbox 254 2038 302 2069; x_wconf 89' lang='lat' dir='ltr'>ut</span> <span class='ocrx_word' id='word_1_225' title='bbox 334 2027 512 2084; x_wconf 84' lang='lat' dir='ltr'>Spiritus</span> <span class='ocrx_word' id='word_1_226' title='bbox 542 2027 604 2068; x_wconf 85' lang='lat' dir='ltr'>sui</span> <span class='ocrx_word' id='word_1_227' title='bbox 636 2027 781 2068; x_wconf 89' lang='lat' dir='ltr'>virtuti</span> <span class='ocrx_word' id='word_1_228' title='bbox 810 2027 912 2068; x_wconf 90' lang='lat' dir='ltr'>nihil</span> <span class='ocrx_word' id='word_1_229' title='bbox 943 2026 1198 2068; x_wconf 84' lang='lat' dir='ltr'>detrahatur.</span> <span class='ocrx_word' id='word_1_230' title='bbox 1261 2027 1400 2075; x_wconf 80' lang='lat' dir='ltr'>Quare</span> <span class='ocrx_word' id='word_1_231' title='bbox 1434 2033 1514 2065; x_wconf 88' lang='lat' dir='ltr'>sta-</span> 
     </span>
     <span class='ocr_line' id='line_1_29' title="bbox 122 2092 1511 2152; baseline -0.004 -15"><span class='ocrx_word' id='word_1_232' title='bbox 122 2105 290 2136; x_wconf 87' lang='lat' dir='ltr'>tuamus</span> <span class='ocrx_word' id='word_1_233' title='bbox 322 2105 499 2152; x_wconf 90' lang='lat' dir='ltr'>oportet,</span> <span class='ocrx_word' id='word_1_234' title='bbox 531 2105 748 2137; x_wconf 85' lang='lat' dir='ltr'>externum</span> <span class='ocrx_word' id='word_1_235' title='bbox 790 2095 1039 2136; x_wconf 89' lang='lat' dir='ltr'>elementum</span> <span class='ocrx_word' id='word_1_236' title='bbox 1079 2109 1213 2150; x_wconf 89' lang='lat' dir='ltr'>neque</span> <span class='ocrx_word' id='word_1_237' title='bbox 1248 2101 1335 2133; x_wconf 80' lang='lat' dir='ltr'>uex</span> <span class='ocrx_word' id='word_1_238' title='bbox 1365 2092 1511 2148; x_wconf 90' lang='lat' dir='ltr'>seipso,</span> 
     </span>
     <span class='ocr_line' id='line_1_30' title="bbox 122 2160 1514 2220; baseline -0.004 -15"><span class='ocrx_word' id='word_1_239' title='bbox 122 2180 258 2220; x_wconf 90' lang='lat' dir='ltr'>neque</span> <span class='ocrx_word' id='word_1_240' title='bbox 287 2165 329 2204; x_wconf 90' lang='lat' dir='ltr'>in</span> <span class='ocrx_word' id='word_1_241' title='bbox 361 2164 492 2220; x_wconf 90' lang='lat' dir='ltr'>seipso</span> <span class='ocrx_word' id='word_1_242' title='bbox 521 2164 607 2205; x_wconf 85' lang='lat' dir='ltr'>vim</span> <span class='ocrx_word' id='word_1_243' title='bbox 636 2173 762 2220; x_wconf 90' lang='lat' dir='ltr'>atque</span> <span class='ocrx_word' id='word_1_244' title='bbox 793 2163 1072 2205; x_wconf 85' lang='lat' dir='ltr'>efficacitatem</span> <span class='ocrx_word' id='word_1_245' title='bbox 1106 2161 1357 2203; x_wconf 89' lang='lat' dir='ltr'>Sacramenti</span> <span class='ocrx_word' id='word_1_246' title='bbox 1384 2160 1514 2201; x_wconf 91' lang='lat' dir='ltr'>inclu-</span> 
     </span>
     <span class='ocr_line' id='line_1_31' title="bbox 125 2231 1513 2289; baseline -0.003 -17"><span class='ocrx_word' id='word_1_247' title='bbox 125 2248 209 2273; x_wconf 88' lang='lat' dir='ltr'>sam</span> <span class='ocrx_word' id='word_1_248' title='bbox 242 2233 408 2283; x_wconf 85' lang='lat' dir='ltr'>habere,</span> <span class='ocrx_word' id='word_1_249' title='bbox 433 2232 504 2273; x_wconf 90' lang='lat' dir='ltr'>sed</span> <span class='ocrx_word' id='word_1_250' title='bbox 532 2241 659 2273; x_wconf 87' lang='lat' dir='ltr'>totam</span> <span class='ocrx_word' id='word_1_251' title='bbox 681 2249 705 2273; x_wconf 91' lang='lat' dir='ltr'>a</span> <span class='ocrx_word' id='word_1_252' title='bbox 727 2232 884 2289; x_wconf 85' lang='lat' dir='ltr'>Spiritu</span> <span class='ocrx_word' id='word_1_253' title='bbox 906 2231 1001 2280; x_wconf 88' lang='lat' dir='ltr'>Dei,</span> <span class='ocrx_word' id='word_1_254' title='bbox 1023 2240 1070 2271; x_wconf 89' lang='lat' dir='ltr'>ut</span> <span class='ocrx_word' id='word_1_255' title='bbox 1091 2247 1112 2271; x_wconf 91' lang='lat' dir='ltr'>e</span> <span class='ocrx_word' id='word_1_256' title='bbox 1133 2231 1247 2270; x_wconf 85' lang='lat' dir='ltr'>fonte</span> <span class='ocrx_word' id='word_1_257' title='bbox 1271 2244 1451 2278; x_wconf 81' lang='lat' dir='ltr'>manare,</span> <span class='ocrx_word' id='word_1_258' title='bbox 1473 2238 1513 2269; x_wconf 91' lang='lat' dir='ltr'>et</span> 
     </span>
     <span class='ocr_line' id='line_1_32' title="bbox 124 2296 1514 2356; baseline -0.003 -16"><span class='ocrx_word' id='word_1_259' title='bbox 124 2316 197 2356; x_wconf 87' lang='lat' dir='ltr'>per</span> <span class='ocrx_word' id='word_1_260' title='bbox 218 2300 373 2341; x_wconf 88' lang='lat' dir='ltr'>Divina</span> <span class='ocrx_word' id='word_1_261' title='bbox 399 2300 608 2356; x_wconf 80' lang='lat' dir='ltr'>mysteria,</span> <span class='ocrx_word' id='word_1_262' title='bbox 631 2316 726 2356; x_wconf 81' lang='lat' dir='ltr'>quae</span> <span class='ocrx_word' id='word_1_263' title='bbox 746 2300 789 2341; x_wconf 90' lang='lat' dir='ltr'>in</span> <span class='ocrx_word' id='word_1_264' title='bbox 811 2300 922 2340; x_wconf 87' lang='lat' dir='ltr'>hunc</span> <span class='ocrx_word' id='word_1_265' title='bbox 943 2314 1066 2340; x_wconf 90' lang='lat' dir='ltr'>usum</span> <span class='ocrx_word' id='word_1_266' title='bbox 1087 2314 1111 2339; x_wconf 84' lang='lat' dir='ltr'>a</span> <span class='ocrx_word' id='word_1_267' title='bbox 1132 2297 1315 2338; x_wconf 89' lang='lat' dir='ltr'>Domino</span> <span class='ocrx_word' id='word_1_268' title='bbox 1335 2306 1431 2337; x_wconf 92' lang='lat' dir='ltr'>sunt</span> <span class='ocrx_word' id='word_1_269' title='bbox 1455 2296 1514 2337; x_wconf 93' lang='lat' dir='ltr'>in-</span> 
     </span>
     <span class='ocr_line' id='line_1_33' title="bbox 127 2367 663 2419; baseline 0 -11"><span class='ocrx_word' id='word_1_270' title='bbox 127 2368 284 2419; x_wconf 87' lang='lat' dir='ltr'>stituta,</span> <span class='ocrx_word' id='word_1_271' title='bbox 307 2368 358 2409; x_wconf 86' lang='lat' dir='ltr'>ad</span> <span class='ocrx_word' id='word_1_272' title='bbox 381 2383 455 2408; x_wconf 89' lang='lat' dir='ltr'>nos</span> <span class='ocrx_word' id='word_1_273' title='bbox 475 2367 663 2409; x_wconf 87' lang='lat' dir='ltr'>derivari.</span> 
     </span>
    </p>
   </div>
   <div class='ocr_carea' id='block_1_3' title="bbox 183 2432 1513 2544">
    <p class='ocr_par' dir='ltr' id='par_1_6' title="bbox 183 2432 1513 2544">
     <span class='ocr_line' id='line_1_34' title="bbox 185 2432 1513 2485; baseline -0.002 -9"><span class='ocrx_word' id='word_1_274' title='bbox 185 2437 247 2476; x_wconf 91' lang='lat' dir='ltr'>M.</span> <span class='ocrx_word' id='word_1_275' title='bbox 282 2438 395 2485; x_wconf 81' lang='lat' dir='ltr'>Quot</span> <span class='ocrx_word' id='word_1_276' title='bbox 414 2435 457 2476; x_wconf 89' lang='lat' dir='ltr'>in</span> <span class='ocrx_word' id='word_1_277' title='bbox 478 2435 663 2476; x_wconf 83' lang='lat' dir='ltr'>Ecclesia</span> <span class='ocrx_word' id='word_1_278' title='bbox 690 2451 763 2477; x_wconf 89' lang='lat' dir='ltr'>sua</span> <span class='ocrx_word' id='word_1_279' title='bbox 787 2437 1050 2477; x_wconf 88' lang='lat' dir='ltr'>Sacramenta</span> <span class='ocrx_word' id='word_1_280' title='bbox 1077 2432 1255 2474; x_wconf 87' lang='lat' dir='ltr'>instituit</span> <span class='ocrx_word' id='word_1_281' title='bbox 1276 2432 1513 2474; x_wconf 85' lang='lat' dir='ltr'>Dominus?</span> 
     </span>
     <span class='ocr_line' id='line_1_35' title="bbox 183 2504 384 2544; baseline -0.005 0"><span class='ocrx_word' id='word_1_282' title='bbox 183 2506 238 2544; x_wconf 91' lang='lat' dir='ltr'>A.</span> <span class='ocrx_word' id='word_1_283' title='bbox 272 2504 384 2544; x_wconf 88' lang='lat' dir='ltr'>Duo.</span> 
     </span>
    </p>
   </div>
   <div class='ocr_carea' id='block_1_4' title="bbox 128 2624 1516 2773">
    <p class='ocr_par' dir='ltr' id='par_1_7' title="bbox 128 2624 1516 2773">
     <span class='ocr_line' id='line_1_36' title="bbox 170 2624 1516 2665; baseline -0.001 -9"><span class='ocrx_word' id='word_1_284' title='bbox 170 2633 185 2653; x_wconf 77' lang='lat' dir='ltr'><strong>P</strong></span> <span class='ocrx_word' id='word_1_285' title='bbox 201 2627 297 2657; x_wconf 59' lang='lat' dir='ltr'>joan.</span> <span class='ocrx_word' id='word_1_286' title='bbox 314 2626 359 2656; x_wconf 73' lang='lat' dir='ltr'>iii.</span> <span class='ocrx_word' id='word_1_287' title='bbox 378 2635 407 2665; x_wconf 88' lang='lat'>5.</span> <span class='ocrx_word' id='word_1_288' title='bbox 440 2626 518 2656; x_wconf 84' lang='lat' dir='ltr'>Luc.</span> <span class='ocrx_word' id='word_1_289' title='bbox 535 2626 600 2656; x_wconf 84' lang='lat' dir='ltr'>xiv.</span> <span class='ocrx_word' id='word_1_290' title='bbox 622 2625 672 2662; x_wconf 91' lang='lat'>18,</span> <span class='ocrx_word' id='word_1_291' title='bbox 687 2635 738 2664; x_wconf 89' lang='lat'>24.</span> <span class='ocrx_word' id='word_1_292' title='bbox 774 2636 786 2656; x_wconf 92' lang='lat'>1</span> <span class='ocrx_word' id='word_1_293' title='bbox 807 2625 881 2656; x_wconf 84' lang='lat' dir='ltr'>Cor.</span> <span class='ocrx_word' id='word_1_294' title='bbox 898 2625 941 2656; x_wconf 83' lang='lat' dir='ltr'>xi.</span> <span class='ocrx_word' id='word_1_295' title='bbox 958 2634 1010 2663; x_wconf 90' lang='lat'>24.</span> <span class='ocrx_word' id='word_1_296' title='bbox 1147 2632 1161 2650; x_wconf 74' lang='lat'>‘³</span> <span class='ocrx_word' id='word_1_297' title='bbox 1179 2625 1261 2656; x_wconf 84' lang='lat' dir='ltr'>Mat.</span> <span class='ocrx_word' id='word_1_298' title='bbox 1278 2634 1309 2654; x_wconf 85' lang='lat' dir='ltr'>x.</span> <span class='ocrx_word' id='word_1_299' title='bbox 1326 2633 1379 2663; x_wconf 82' lang='lat'>33.</span> <span class='ocrx_word' id='word_1_300' title='bbox 1412 2624 1516 2654; x_wconf 87' lang='lat' dir='ltr'>Marc.</span> 
     </span>
     <span class='ocr_line' id='line_1_37' title="bbox 128 2679 1515 2720; baseline -0.002 -10"><span class='ocrx_word' id='word_1_301' title='bbox 128 2680 194 2710; x_wconf 82' lang='lat' dir='ltr'>viii.</span> <span class='ocrx_word' id='word_1_302' title='bbox 208 2681 261 2719; x_wconf 79' lang='lat'>38.</span> <span class='ocrx_word' id='word_1_303' title='bbox 387 2687 398 2701; x_wconf 64' lang='lat' dir='ltr'>f</span> <span class='ocrx_word' id='word_1_304' title='bbox 412 2682 508 2710; x_wconf 83' lang='lat' dir='ltr'>Joan.</span> <span class='ocrx_word' id='word_1_305' title='bbox 525 2680 571 2710; x_wconf 78' lang='lat' dir='ltr'>iii.</span> <span class='ocrx_word' id='word_1_306' title='bbox 587 2687 616 2720; x_wconf 87' lang='lat'>5.</span> <span class='ocrx_word' id='word_1_307' title='bbox 641 2680 718 2710; x_wconf 88' lang='lat' dir='ltr'>Luc.</span> <span class='ocrx_word' id='word_1_308' title='bbox 735 2679 798 2710; x_wconf 85' lang='lat' dir='ltr'>xiv.</span> <span class='ocrx_word' id='word_1_309' title='bbox 817 2688 867 2717; x_wconf 86' lang='lat'>24.</span> <span class='ocrx_word' id='word_1_310' title='bbox 998 2686 1008 2699; x_wconf 75' lang='lat'><strong>⁵</strong></span> <span class='ocrx_word' id='word_1_311' title='bbox 1025 2688 1041 2709; x_wconf 82' lang='lat'><strong>2</strong></span> <span class='ocrx_word' id='word_1_312' title='bbox 1060 2680 1135 2710; x_wconf 87' lang='lat' dir='ltr'>Cor.</span> <span class='ocrx_word' id='word_1_313' title='bbox 1153 2679 1194 2709; x_wconf 73' lang='lat' dir='ltr'>vi.</span> <span class='ocrx_word' id='word_1_314' title='bbox 1215 2689 1241 2709; x_wconf 93' lang='lat'>1.</span> <span class='ocrx_word' id='word_1_315' title='bbox 1274 2689 1284 2709; x_wconf 88' lang='lat'>1</span> <span class='ocrx_word' id='word_1_316' title='bbox 1306 2679 1402 2710; x_wconf 87' lang='lat' dir='ltr'>Thes.</span> <span class='ocrx_word' id='word_1_317' title='bbox 1419 2689 1448 2708; x_wconf 89' lang='lat' dir='ltr'>v.</span> <span class='ocrx_word' id='word_1_318' title='bbox 1466 2688 1515 2717; x_wconf 86' lang='lat'>¹9·</span> 
     </span>
     <span class='ocr_line' id='line_1_38' title="bbox 129 2732 1514 2773; baseline -0.002 -8"><span class='ocrx_word' id='word_1_319' title='bbox 129 2737 138 2754; x_wconf 74' lang='lat'>²</span> <span class='ocrx_word' id='word_1_320' title='bbox 155 2735 233 2766; x_wconf 83' lang='lat' dir='ltr'>Luc.</span> <span class='ocrx_word' id='word_1_321' title='bbox 248 2735 304 2765; x_wconf 81' lang='lat' dir='ltr'>xii.</span> <span class='ocrx_word' id='word_1_322' title='bbox 323 2744 370 2764; x_wconf 81' lang='lat'>12.</span> <span class='ocrx_word' id='word_1_323' title='bbox 393 2736 487 2764; x_wconf 68' lang='lat' dir='ltr'>«Joau.</span> <span class='ocrx_word' id='word_1_324' title='bbox 503 2733 524 2763; x_wconf 87' lang='lat' dir='ltr'>i.</span> <span class='ocrx_word' id='word_1_325' title='bbox 541 2743 593 2773; x_wconf 79' lang='lat'>33.</span> <span class='ocrx_word' id='word_1_326' title='bbox 618 2733 659 2763; x_wconf 82' lang='lat' dir='ltr'>vi.</span> <span class='ocrx_word' id='word_1_327' title='bbox 677 2733 728 2773; x_wconf 77' lang='lat'>63.</span> <span class='ocrx_word' id='word_1_328' title='bbox 751 2733 815 2764; x_wconf 76' lang='lat' dir='ltr'>xiv.</span> <span class='ocrx_word' id='word_1_329' title='bbox 835 2740 884 2770; x_wconf 88' lang='lat'>17,</span> <span class='ocrx_word' id='word_1_330' title='bbox 900 2732 948 2764; x_wconf 86' lang='lat'>26.</span> <span class='ocrx_word' id='word_1_331' title='bbox 979 2744 987 2764; x_wconf 78' lang='grc' dir='ltr'>ι</span> <span class='ocrx_word' id='word_1_332' title='bbox 1008 2735 1081 2764; x_wconf 85' lang='lat' dir='ltr'>Cor.</span> <span class='ocrx_word' id='word_1_333' title='bbox 1100 2733 1157 2764; x_wconf 83' lang='lat' dir='ltr'>xii.</span> <span class='ocrx_word' id='word_1_334' title='bbox 1173 2742 1206 2771; x_wconf 85' lang='lat'>4,</span> <span class='ocrx_word' id='word_1_335' title='bbox 1220 2734 1252 2771; x_wconf 89' lang='lat'>6,</span> <span class='ocrx_word' id='word_1_336' title='bbox 1272 2734 1329 2764; x_wconf 86' lang='lat' dir='ltr'>&amp;c.</span> <span class='ocrx_word' id='word_1_337' title='bbox 1389 2740 1402 2753; x_wconf 86' lang='lat'>¹¹</span> <span class='ocrx_word' id='word_1_338' title='bbox 1419 2733 1514 2763; x_wconf 65' lang='lat' dir='ltr'>doun.</span> 
     </span>
    </p>
   </div>
   <div class='ocr_carea' id='block_1_5' title="bbox 130 2789 527 2828">
    <p class='ocr_par' dir='ltr' id='par_1_8' title="bbox 130 2789 527 2828">
     <span class='ocr_line' id='line_1_39' title="bbox 130 2789 527 2828; baseline -0.003 -10"><span class='ocrx_word' id='word_1_339' title='bbox 130 2789 150 2818; x_wconf 85' lang='grc' dir='ltr'>ἰ.</span> <span class='ocrx_word' id='word_1_340' title='bbox 165 2798 218 2827; x_wconf 77' lang='lat'>33.</span> <span class='ocrx_word' id='word_1_341' title='bbox 244 2791 313 2819; x_wconf 85' lang='lat' dir='ltr'>Act.</span> <span class='ocrx_word' id='word_1_342' title='bbox 332 2789 352 2818; x_wconf 84' lang='lat' dir='ltr'>i.</span> <span class='ocrx_word' id='word_1_343' title='bbox 371 2797 400 2828; x_wconf 86' lang='lat'>5.</span> <span class='ocrx_word' id='word_1_344' title='bbox 427 2799 457 2818; x_wconf 89' lang='lat' dir='ltr'>x.</span> <span class='ocrx_word' id='word_1_345' title='bbox 475 2796 527 2827; x_wconf 80' lang='lat'>47.</span> 
     </span>
    </p>
   </div>
  </div>
 </body>
</html>
