1799 3077
452 176 688 217 NOELLI
724 176 1191 217 CATECHISMUS.
1438 184 1521 227 259

130 303 308 337 omnem,
326 297 367 330 et
382 288 566 330 furentes
582 304 628 330 ac
645 288 869 330 violentos
860 298 1040 345 lmpetus
1057 289 1195 346 f1eo1t,
1212 300 1338 346 atque
1358 307 1481 348 supe1
1483 310 1524 336 a-

114 355 216 403 ¹vit;
253 356 525 431 univelsaque
546 355 672 397 haec
664 371 705 396 1n
737 371 779 397 se
809 365 1012 413 suscepta,
1034 357 1226 398 funditus
1255 357 1431 406 delevit3
1465 359 1525 415 ip-

133 438 258 480 seque
297 424 340 465 in
374 423 517 480 primis
550 424 698 465 beatus
732 424 999 466 nihilominus
1033 425 1272 481 permansit,
1304 426 1526 467 beatitudi-

133 507 311 548 nemque
347 506 463 532 suam
501 492 634 543 nobis,
669 492 742 548 qui
781 492 859 549 ipsi
893 493 1074 544 fidimus,
1105 492 1343 549 impertivit.
1402 494 1528 535 eNisi

133 559 243 599 enim
273 559 350 600 hac
370 559 460 615 ejus
481 574 575 600 vere
593 560 715 601 beata
735 569 867 601 morte
898 560 1071 601 salutem
1105 559 1317 616 vitamque
1349 576 1529 602 essemus

133 627 393 684 consequuti,
417 627 664 684 sempiterna
683 644 825 669 omnes
846 637 978 670 morte
998 638 1202 685 perpetuo
1221 630 1486 685 perieramus.

194 697 258 737 M.
292 697 447 737 Verum
477 695 519 736 in
552 696 782 747 Christum,
816 696 888 752 qui
919 698 1038 738 Deus
1065 696 1130 748 sit,
1151 697 1362 753 quomodo
1392 698 1530 755 potuit

136 772 277 805 tantus
297 764 421 805 animi
443 764 561 805 dolor
581 773 706 820 atque
727 764 948 820 trepidatio
968 765 1144 806 cadere?

195 834 250 873 A.
285 832 524 873 Secundum
554 832 749 873 humanae
779 832 963 874 fnaturae
998 833 1269 884 affectionem,
1302 834 1531 876 Divinitate

138 899 300 941 interim
322 900 536 956 potestatis
556 916 641 941 suae
665 900 745 941 vim
767 916 850 941 non
870 900 1123 951 intendente,
1145 902 1224 942 hoc
1245 902 1435 943 effectum
1457 912 1530 944 est.

199 969 263 1009 Μ.
292 969 391 1009 Jam
413 984 512 1025 ergo
532 968 633 1009 mihi
654 967 832 1009 breviter
854 968 1174 1025 summatimque
1194 969 1444 1026 amplissima
1463 971 1534 1012 illa

139 1037 369 1087 commoda,
390 1053 485 1093 quae
515 1052 564 1078 ex
591 1037 747 1078 Christi
768 1046 899 1079 morte
920 1037 1190 1094 cruciatuque
1210 1037 1332 1094 longe
1352 1038 1533 1080 maximo

140 1104 376 1162 percipiunt
397 1105 550 1156 fideles,
573 1121 747 1147 recense.

200 1174 255 1213 A.
291 1174 342 1213 In
365 1187 539 1224 summa,
560 1173 715 1215 gunico
741 1173 885 1215 mortis
916 1189 1001 1214 suae
1034 1172 1243 1224 sacrificio,
1266 1183 1433 1229 peccata
1464 1190 1535 1215 no-

143 1250 227 1281 stra
246 1256 383 1282 coram
405 1242 499 1284 Deo
518 1241 714 1298 expiavit,
737 1251 779 1283 et
798 1241 960 1298 placata
980 1241 1061 1283 Dei
1092 1241 1153 1281 ira
1182 1256 1255 1282 nos
1285 1241 1327 1282 in
1359 1243 1533 1298 gratiam

143 1323 239 1349 cum
269 1324 318 1349 eo
347 1308 540 1357 reduxit3
574 1309 774 1365 sanguine
801 1324 876 1350 suo
904 1318 951 1350 ut
978 1308 1198 1365 purissimo
1218 1308 1429 1360 hlavacro,
1452 1310 1536 1351 aui-

144 1390 306 1416 marum
337 1386 571 1417 nostrarum
600 1377 739 1417 sordes
758 1387 885 1432 atque
905 1375 1086 1417 maculas
1106 1391 1248 1417 omnes
1274 1375 1390 1427 eluit,
1411 1386 1537 1432 atque

144 1443 321 1494 delevit3
353 1454 394 1485 et
423 1454 686 1501 peccatorum
716 1453 951 1485 nostrorum
979 1443 1254 1495 imemoriam,
1277 1459 1328 1485 ne
1361 1444 1538 1500 amplius

145 1526 330 1567 unquam
352 1510 394 1551 in
415 1511 496 1553 Dei
516 1512 746 1568 inspectum
770 1511 950 1562 veniant,
973 1511 1222 1568 sempiterna
1241 1511 1446 1553 oblivione
1466 1512 1539 1552 ob-

147 1594 285 1629 ruenS,
311 1578 686 1636 kChirographum
716 1579 835 1630 illud,
868 1594 953 1635 quo
984 1579 1228 1620 tenebamur
1257 1588 1298 1620 et
1328 1579 1541 1620 convince-

147 1646 312 1697 bamur,
330 1647 639 1704 decretumque,
661 1648 782 1704 cujus
803 1647 1003 1688 sententia
1022 1647 1337 1698 damnabamur,
1359 1647 1540 1696 induxit,

148 1724 190 1756 et
219 1715 339 1756 inane
365 1716 521 1757 factum
552 1716 742 1757 abolevit.
804 1717 911 1757 Haec
932 1715 999 1756 ille
1019 1715 1157 1756 omnia
1177 1715 1280 1756 vivis
1308 1715 1462 1772 pariter
1482 1726 1541 1757 at-

150 1799 232 1840 que
262 1783 450 1835 mortuis,
472 1784 530 1825 illi
561 1784 662 1825 dum
687 1784 881 1825 vixerunt
899 1783 1098 1835 lconfisis,
1119 1793 1251 1825 morte
1281 1799 1355 1825 sua
1385 1784 1542 1840 praesti-

151 1852 212 1893 tit.
275 1853 491 1893 Postremo
514 1852 657 1893 mortis
688 1868 773 1893 suae
795 1854 849 1902 vi,
872 1851 1119 1908 cupiditates
1139 1851 1293 1908 alioqui
1314 1853 1543 1893 effraenatas

151 1930 277 1976 atque
308 1920 542 1971 indomitas,
562 1921 604 1961 in
635 1921 696 1972 iis,
720 1920 793 1977 qui
820 1920 878 1961 illi
908 1935 983 1976 per
1008 1920 1133 1961 fidem
1164 1920 1332 1962 omnino
1361 1921 1543 1962 adhaere-

153 1997 285 2038 scunt,
318 1987 376 2029 ita
405 1989 601 2030 mfraenat
636 2004 682 2030 ac
710 1988 880 2044 frangit,
912 1997 953 2029 et
982 1987 1146 2028 illarum
1176 1988 1364 2029 ardorem
1396 1988 1453 2028 ita
1483 2003 1544 2027 re-

153 2055 341 2112 stinguit,
373 2065 420 2097 ut
451 2056 611 2113 spiritui
642 2056 802 2098 facilius
832 2056 1118 2112 obtemperent
1156 2064 1283 2112 atque
1314 2056 1542 2111 obsequan-

155 2132 236 2165 tur.

214 2193 279 2233 M.
312 2193 401 2234 Cur
422 2193 629 2249 sepultum
650 2193 776 2233 fuisse
796 2192 916 2233 etiam
939 2190 1086 2231 addis?

214 2261 263 2300 A.
307 2262 528 2317 Exangue,
560 2270 686 2317 atque
716 2259 987 2301 nexanimum
1018 2274 1167 2314 corpus
1200 2259 1417 2315 sepulchro
1451 2274 1546 2299 con-

158 2327 291 2369 ditum
322 2337 396 2379 est,
421 2337 467 2370 ut
497 2344 606 2370 mors
636 2330 725 2385 ejus
756 2327 940 2369 testatior
970 2337 1089 2377 esset,
1121 2336 1252 2382 utque
1282 2326 1334 2367 de
1364 2343 1412 2367 ea
1441 2326 1546 2367 inter

159 2411 300 2438 omnes
332 2406 547 2439 constaret.
618 2398 661 2439 Si
691 2397 798 2439 enim
830 2395 967 2437 statim
997 2394 1222 2446 revixisset,
1255 2404 1427 2436 mortem
1458 2395 1548 2450 ejus

204 2559 216 2573 ε
237 2553 333 2583 Joan.
349 2552 417 2582 viii.
436 2561 486 2590 ²4·
509 2552 590 2592 Eph.
607 2551 641 2583 ii.
658 2561 706 2582 12.
730 2551 800 2582 Col.
818 2551 839 2581 i.
857 2560 904 2589 ¹3·
930 2550 1014 2580 Heb.
1030 2550 1064 2580 ii.
1083 2558 1132 2587 14.
1263 2547 1275 2567 f
1295 2549 1377 2579 Mat.
1392 2548 1478 2579 xxvi.
1494 2557 1548 2586 41.

163 2607 340 2637 Rom.viii.
357 2616 389 2645 3.
418 2616 429 2636 1
449 2607 516 2636 Pet.
533 2606 576 2636 iv.
594 2615 621 2635 1.
750 2611 764 2631 g
788 2605 871 2634 Heb.
890 2604 939 2634 vii.
958 2612 1008 2644 27.
1032 2604 1075 2634 ix.
1096 2613 1144 2634 12.
1166 2614 1196 2633 x.
1218 2612 1269 2639 12,
1287 2611 1335 2640 14.
1424 2602 1438 2622 ¹¹
1465 2603 1548 2632 Heb.

162 2662 207 2692 ix.
229 2670 277 2698 14.
305 2670 316 2690 1
336 2661 433 2690 Joan.
451 2660 472 2690 i.
493 2667 519 2696 7.
544 2660 642 2698 Apoc.
658 2658 680 2690 i.
697 2666 727 2698 5.
835 2656 843 2677 ἰ
865 2658 949 2688 Psal.
968 2658 1070 2688 xxxii.
1095 2668 1121 2693 1,
1140 2667 1168 2687 2.
1194 2657 1288 2687 Rom.
1304 2657 1345 2686 iv.
1365 2663 1394 2695 7,
1410 2656 1441 2686 8.
1466 2657 1548 2686 Heb.

162 2725 195 2744 x.
211 2721 259 2754 17.
355 2712 370 2733 ¹¹
394 2713 463 2744 Col.
482 2713 514 2743 ii.
535 2721 583 2750 14.
680 2710 688 2731 ¹
711 2712 805 2741 Joan.
822 2710 867 2741 iii.
887 2711 936 2742 16.
959 2711 1003 2742 xi.
1022 2720 1074 2751 25,
1094 2711 1146 2742 26.
1248 2716 1270 2729 ¹¹¹
1294 2709 1388 2740 Rom.
1409 2710 1449 2740 vi.
1467 2719 1499 2747 4,
1516 2710 1548 2745 8,

169 2777 219 2803 11,
237 2768 293 2797 Sco.
316 2767 383 2797 viii.
406 2777 434 2802 ι,
453 2777 484 2805 2,
499 2776 531 2806 3,
554 2776 602 2802 10,
622 2775 672 2803 u,
692 2766 751 2796 &c.
775 2764 882 2795 Colos.
900 2765 933 2796 ii.
951 2773 999 2804 15.
1121 2771 1135 2784 ¹¹
1161 2764 1246 2794 Esai.
1267 2764 1322 2793 liii.
1340 2773 1370 2801 t).
1397 2764 1476 2792 Mat.
1495 2762 1550 2792 xii.

166 2829 218 2856 40.
243 2820 341 2863 xxvii.
359 2828 411 2860 59,
430 2821 481 2851 60.
511 2830 521 2850 1
544 2821 617 2849 Cor.
635 2830 688 2850 xv.
705 2828 738 2856 4,
757 2826 786 2857 5.

827 2887 843 2910 S
867 2873 892 2898 O

868 2899 893 2910 Ν
