1799 3077
282 139 366 180 226
611 139 847 180 NOELLI
882 137 1347 179 CATECHISMUS.

283 253 347 294 vel
368 253 526 294 caeteris
543 252 669 294 rebus
693 252 935 308 superiores,
957 260 1175 308 parentum
1198 250 1363 291 nomine
1382 249 1670 296 continentur;

283 321 452 377 quando
482 336 533 362 ex
564 321 707 361 eodem
743 320 857 360 fonte
889 319 1073 375 ipsorum
1109 318 1264 374 pariter
1297 327 1423 374 atque
1454 326 1672 374 parentum

284 389 512 431 authoritas
533 388 755 430 derivatur.

343 460 407 499 M.
441 459 663 508 Quonam?

343 528 399 567 A.
444 528 513 567 Ex
549 533 802 566 sacrosancta
845 524 1011 580 Legum
1042 523 1301 564 rdivinarum
1336 523 1557 574 sanctione,
1594 539 1678 579 qua

285 595 344 635 illi
366 610 485 650 aeque
512 609 558 634 ac
585 601 776 650 parentes
806 592 1006 647 dignitate
1036 600 1162 647 atque
1190 591 1345 631 honore
1366 591 1614 641 afficiuntur,
1637 603 1678 632 et

287 663 545 704 decorantur.
609 662 710 702 Inde
737 660 843 701 enim
877 675 1018 700 omnes
1038 659 1102 700 vel
1125 660 1336 709 Parentes,
1358 658 1423 700 vel
1451 659 1678 716 Principes,

288 730 352 771 vel
374 729 663 784 Magistratus,
684 728 749 768 vel
770 727 837 768 alii
859 727 1101 784 superiores,
1124 727 1363 783 quicunque
1390 727 1556 768 tandem
1585 727 1679 777 sint,

288 798 371 838 vim
401 813 517 838 suam
549 806 674 852 atque
704 795 998 836 authoritatem
1027 810 1191 836 omnem
1222 795 1390 845 habent,
1421 804 1547 850 atque
1576 794 1681 835 obti-

289 875 414 914 nent3
448 865 562 922 quod
582 880 656 921 per
676 864 752 905 hos
772 865 865 905 Deo
886 863 1091 904 mundum
1111 863 1223 904 hunc
1243 878 1385 919 regere
1405 872 1531 918 atque
1550 862 1680 903 admi-

291 934 463 976 nistrare
484 933 618 974 visum
638 932 776 973 fuerit.

349 1004 413 1043 M.
447 1004 543 1043 Hoc
563 1000 686 1057 quale
707 1000 873 1041 tandem
901 1009 975 1050 est,
998 999 1112 1056 quod
1133 1001 1361 1040 Parentum
1389 998 1554 1039 nomine
1586 1000 1681 1040 Ma-

291 1071 503 1128 gistratus,
525 1079 777 1125 caeterosque
798 1068 1027 1125 superiores
1047 1068 1259 1125 appellat?

350 1142 406 1181 A.
439 1141 503 1181 Ut
533 1138 811 1194 intelligamus
842 1153 909 1178 eos
930 1153 954 1178 a
975 1139 1067 1178 Deo
1099 1137 1216 1178 nobis
1246 1145 1386 1177 nostro
1406 1135 1682 1192 Spublicoque

291 1208 403 1249 bono
433 1207 551 1248 datos
581 1221 691 1252 esse;
726 1205 931 1261 simulque
960 1205 1171 1262 ingenium
1203 1204 1456 1245 thumanum
1490 1204 1683 1260 superbia

293 1275 463 1325 elatum,
495 1283 536 1315 et
565 1273 818 1315 celsitudinis
848 1283 1059 1329 appetens,
1081 1283 1206 1329 atque
1236 1274 1288 1314 ab
1315 1273 1482 1314 alterius
1511 1273 1684 1329 imperio

293 1342 540 1399 perferendo
588 1340 812 1396 refugiens,
863 1341 1125 1382 authoritatis
1174 1341 1297 1392 illius,
1339 1349 1360 1370 ¹1
1377 1357 1472 1396 quae
1515 1340 1683 1382 minime

294 1410 480 1452 omnium
510 1419 571 1450 est
600 1408 815 1458 invidiosa,
837 1409 1041 1465 exemp10,
1064 1409 1116 1450 ad
1144 1409 1323 1450 officium
1353 1408 1683 1465 obsequiumque

293 1479 336 1520 in
357 1478 655 1534 Magistratum
686 1477 946 1532 perduceret,
968 1486 1093 1533 atque
1113 1478 1394 1518 assuefaceret.
1456 1478 1683 1518 Parentum

294 1546 403 1588 enim
435 1545 599 1586 nomine
631 1559 714 1585 non
746 1543 893 1594 solum,
922 1554 970 1584 ut
1000 1544 1332 1600 obtemperemus
1361 1543 1684 1600 obediamusque

293 1613 619 1670 magistratibus,
643 1612 712 1653 sed
748 1612 871 1653 etiam
903 1622 950 1653 ut
980 1628 1048 1653 eos
1078 1612 1259 1653 colamus
1286 1621 1327 1653 et
1351 1612 1594 1669 diligamus;
1628 1613 1686 1653 vi-

296 1683 515 1738 cissimque
536 1690 584 1722 ut
605 1680 835 1737 superiores
863 1681 1067 1737 imperent
1096 1680 1372 1731 inferioribus,
1395 1690 1442 1722 ut
1457 1681 1597 1737 justus
1616 1696 1687 1737 pa-

297 1767 390 1793 rens
411 1750 551 1808 probis
571 1749 664 1790 filiis
685 1749 800 1800 solet,
822 1750 1114 1805 praescribitur.

356 1821 422 1860 M.
455 1817 678 1860 Promissio
698 1817 768 1858 illa
787 1817 981 1857 mandato
1001 1817 1142 1858 addita
1162 1817 1264 1872 quid
1286 1817 1361 1858 sibi
1383 1817 1503 1858 vult?

357 1889 412 1928 A.
447 1887 597 1942 Longa
615 1895 636 1913 x
650 1885 851 1926 fruituros
873 1885 970 1935 vita,
993 1894 1034 1926 et
1055 1885 1098 1925 in
1119 1895 1229 1926 certa
1249 1900 1295 1925 ac
1323 1885 1456 1926 stabili
1482 1885 1685 1926 bonorum

299 1955 552 2012 possessione
583 1953 655 1994 diu
685 1968 974 2010 permansuros
1004 1968 1102 2003 esse,
1135 1951 1207 2008 qui
1247 1952 1413 1993 meritos
1444 1952 1688 2008 debitosque

302 2023 566 2073 Parentibus,
588 2032 629 2063 et
651 2021 969 2078 Magistratibus
988 2021 1163 2061 honores
1182 2021 1415 2061 habuerint.

359 2093 423 2132 M.
456 2093 519 2132 At
538 2091 628 2132 haec
649 2090 863 2147 promissio
890 2089 1150 2146 peculiariter
1170 2090 1223 2130 ad
1243 2091 1273 2130 J
1277 2089 1432 2139 udaeos,
1454 2089 1527 2145 qui
1558 2089 1616 2145 pii
1646 2089 1688 2130 in

302 2163 500 2202 Parentes
520 2159 688 2210 fuerint,
711 2167 894 2215 spectare
913 2157 1089 2199 videtur.

361 2231 416 2270 A.
450 2230 547 2270 Non
575 2237 635 2269 est
656 2227 847 2277 dubium,
869 2225 971 2282 quin
1001 2225 1115 2282 quod
1145 2226 1197 2267 de
1227 2235 1336 2267 terra
1354 2226 1588 2268 YChanaan
1618 2241 1690 2267 no-

303 2297 489 2338 minatim
520 2296 678 2337 dictum
709 2295 774 2346 sit,
804 2296 857 2336 ad
885 2296 914 2335 J
919 2294 1060 2335 udaeos
1090 2294 1255 2350 proprie
1284 2294 1511 2351 pertineam
1545 2311 1688 2336 verum

303 2381 399 2406 cum
435 2366 552 2406 Deus
588 2364 714 2405 totius
748 2363 858 2404 orbis
888 2362 939 2403 sit
976 2362 1232 2413 zDominus,
1265 2378 1534 2419 quascunque
1573 2363 1691 2404 nobis

305 2433 420 2474 sedes
440 2432 674 2474 incolendas
695 2430 869 2481 dederit,
892 2446 959 2471 eas
986 2430 1027 2470 in
1058 2432 1308 2486 possessione
1338 2447 1412 2473 nos
1441 2440 1580 2472 nostra
1607 2426 1691 2473 esse

305 2510 550 2551 retenturos,
573 2500 649 2541 hac
671 2500 787 2555 Lege
807 2498 1011 2555 promittit
1031 2507 1072 2539 et
1092 2500 1317 2540 confirmat.

350 2594 360 2608 f
383 2589 479 2619 Deut.
494 2589 570 2619 xvii.
589 2596 636 2618 10.
660 2588 727 2618 Tit.
745 2587 789 2617 iii.
810 2597 835 2617 1.
865 2596 876 2616 1
898 2587 964 2617 Pet.
981 2586 1015 2615 ii.
1037 2586 1085 2616 18.
1179 2594 1190 2607 ⁵
1213 2587 1305 2617 Rom.
1322 2587 1387 2617 xiii.
1402 2595 1432 2624 4.
1457 2587 1540 2617 Heb.
1555 2586 1622 2616 xiii.
1642 2593 1690 2626 17.

306 2644 314 2661 ¹
338 2642 442 2672 Exod.
458 2642 562 2673 xxxii.
580 2651 610 2682 9.
634 2642 712 2672 Luc.
731 2642 797 2672 xix.
816 2651 865 2680 14.
977 2649 992 2662 ¹¹
1014 2643 1106 2673 Prov.
1124 2642 1170 2671 iii.
1190 2649 1238 2671 12.
1263 2641 1344 2671 Mat.
1363 2640 1417 2671 vii.
1434 2650 1464 2681 9.
1488 2641 1566 2670 Luc.
1583 2640 1625 2670 xi.
1643 2650 1693 2670 11.

310 2705 321 2726 1
340 2696 436 2726 Thes.
454 2696 487 2725 ii.
503 2706 549 2726 11.
660 2702 674 2716 x
698 2697 802 2727 Exod.
818 2707 874 2727 xx.
895 2707 944 2727 12.
969 2698 1066 2728 Dent.
1084 2707 1113 2726 v.
1137 2694 1184 2726 16.
1208 2696 1289 2735 Eph.
1305 2695 1346 2726 vi.
1366 2704 1395 2731 2,
1412 2704 1444 2734 3.
1574 2701 1587 2720 ‚v
1611 2695 1692 2725 Gen.

306 2750 363 2780 xii.
380 2757 406 2789 7.
431 2751 498 2779 xiii.
516 2760 562 2789 15-
581 2750 667 2780 xxvi.
686 2760 718 2788 3.
744 2751 841 2780 Dent.
859 2751 969 2781 xxxiv.
983 2760 1013 2789 4.
1100 2757 1112 2770 Ζ
1130 2751 1209 2781 Gen.
1224 2750 1246 2781 i.
1265 2760 1291 2781 1.
1314 2749 1398 2780 Psal.
1415 2748 1495 2780 xxiv.
1516 2759 1542 2779 1.
1558 2759 1628 2780 cxv.
1643 2749 1691 2780 16.

309 2804 394 2834 Dan.
409 2805 449 2834 iv.
469 2812 519 2833 22.
