1799 3077
513 121 742 162 JUELLI
776 121 1117 162 APOLOGIA.
1427 126 1509 166 153

120 232 325 274 civitatem
347 248 450 284 eam,
473 249 568 290 quae
590 233 815 290 aliquando
833 233 966 275 fidelis
985 234 1136 285 fuerat,
1158 234 1309 276 factam
1329 251 1413 277 esse
1429 252 1510 278 mc-

120 300 332 349 retricem3
366 311 406 342 et
426 301 469 341 in
489 317 537 342 ea
557 317 581 343 a
600 302 733 358 capite
754 317 886 356 usque
905 302 959 343 ad
979 302 1145 353 calcem,
1168 302 1210 343 in
1232 311 1319 343 toto
1340 319 1508 360 corpore

120 368 223 408 nihil
243 384 329 409 esse
348 369 584 425 integrum3
618 378 691 410 aut
710 385 805 410 cum
828 370 1020 411 Christus
1047 370 1214 421 diceret,
1237 370 1408 411 domum
1429 373 1508 413 Dei
1524 383 1615 412 Matt.
1637 388 1697 414 xxi.

119 451 143 476 a
178 436 398 477 Pharisaeis
432 445 473 477 et
506 437 796 478 Sacerdotibus
826 437 976 479 factam
1007 453 1092 479 esse
1123 438 1359 494 speluncam
1390 439 1511 480 latro-

119 506 251 544 num?
285 503 459 554 Scilicet,
477 504 663 546 Ecclesia
684 514 731 546 ut
754 520 852 561 ager
871 505 1181 556 frumentarius,
1204 505 1281 547 nisi
1302 516 1509 558 exaretur,

118 570 195 611 nisi
218 571 450 628 subigatur,
473 573 550 614 nisi
570 573 742 623 colatur,
765 573 842 614 nisi
863 582 1046 625 curetur,
1066 589 1143 630 pro
1164 573 1299 615 tritico
1318 575 1507 625 carduos,

117 649 158 680 et
185 638 343 690 lolium,
365 650 406 681 et
433 641 584 682 urticas
613 641 807 697 proferet.
868 642 1015 697 Itaque
1046 642 1164 682 Deus
1195 641 1371 683 subinde
1401 642 1510 684 misit

118 707 348 763 Prophetas
383 718 424 749 et
454 709 694 765 Apostolos,
726 718 934 764 postremo
970 709 1092 750 etiam
1125 709 1339 751 Christum
1371 725 1507 760 suum,

116 775 188 831 qui
216 775 420 832 populum
447 776 489 816 in
510 776 619 817 viam
650 777 908 827 reducerent,
931 786 972 818 et
1002 777 1231 818 Ecclesiam
1251 778 1507 819 vacillantem

114 842 156 883 in
177 843 386 899 integrum
406 844 693 885 instaurarent.
756 845 872 885 Neve
894 844 987 900 quis
1008 845 1118 886 dicat
1139 845 1227 886 haec
1246 846 1288 886 in
1309 846 1399 901 lege
1421 854 1505 887 tan-

116 921 221 961 tum,
241 911 284 951 in
307 912 455 953 umbra
480 922 606 968 atque
636 911 678 952 in
709 911 883 952 infantia
912 912 1145 968 contigisse,
1166 928 1262 953 cum
1292 913 1437 968 figuris
1467 924 1507 954 et

114 979 365 1020 caeremoniis
385 979 536 1021 veritas
557 989 781 1035 tegeretur,
804 995 900 1020 cum
920 979 1022 1020 nihil
1042 980 1179 1021 adhuc
1199 980 1252 1020 ad
1276 981 1507 1036 perfectum

114 1046 343 1088 adductum
364 1057 482 1097 esset,
504 1063 600 1088 cum
620 1048 687 1088 lex
709 1063 792 1088 non
819 1048 861 1088 in
887 1047 1082 1089 cordibus
1111 1048 1340 1097 hominum,
1363 1048 1433 1089 sed
1464 1048 1505 1089 in

113 1110 322 1170 lapidibus
361 1115 637 1163 incideretur3
686 1114 781 1168 (etsi
815 1113 1037 1155 ridiculum
1072 1125 1133 1155 est
1167 1114 1271 1155 illud
1306 1130 1474 1171 quoque
1491 1132 1501 1162 3

112 1181 223 1222 idem
259 1182 366 1223 enim
401 1183 570 1224 omnino
605 1193 693 1224 erat
727 1183 849 1224 etiam
883 1192 971 1223 tum
1003 1184 1135 1233 Deus,
1167 1182 1276 1223 idem
1310 1183 1502 1239 SpirituS,

113 1249 222 1290 idem
244 1250 449 1301 Christus,
472 1251 615 1292 eadem
636 1251 751 1302 fides,
770 1250 910 1292 eadem
934 1250 1133 1301 doctrina,
1152 1251 1295 1292 eadem
1316 1267 1422 1308 spes,
1439 1267 1503 1292 ea-

112 1318 207 1359 dem
228 1319 461 1370 haereditas,
483 1319 592 1360 idem
613 1319 765 1369 foedus,
788 1319 931 1360 eadem
954 1319 1015 1360 vis
1033 1319 1147 1360 verbi
1168 1320 1249 1360 Dei
1266 1337 1277 1368 3
1311 1329 1352 1361 et
1370 1319 1501 1361 Euse-
1513 1330 1580 1361 Lib.
1595 1332 1613 1361 i.
1630 1342 1655 1361 c.
1677 1341 1703 1361 1.

112 1385 206 1429 bius
232 1386 315 1427 ait:
349 1387 504 1428 Omnes
530 1386 671 1427 fideles
699 1402 831 1442 usque
860 1386 913 1428 ab
943 1386 1112 1427 Adamo
1141 1403 1185 1427 re
1214 1387 1383 1443 quidem
1414 1388 1502 1444 ipsa

114 1454 370 1496 Christianos
401 1455 540 1506 fuisse,
563 1454 753 1510 quamvis
783 1469 865 1495 non
896 1454 954 1495 ita
983 1454 1261 1510 dicerentur):
1296 1456 1362 1496 Ne
1391 1456 1498 1511 quis,

112 1523 295 1579 inquam,
318 1523 376 1564 ita
395 1523 520 1572 dicat,
544 1523 701 1563 Paulus
721 1522 950 1578 Apostolus
965 1522 1053 1578 jam
1075 1531 1165 1563 tum
1186 1522 1228 1562 in
1253 1523 1499 1578 Evangelio,

111 1590 152 1630 in
174 1591 439 1646 perfectione,
460 1591 503 1631 in
523 1590 629 1641 luce,
652 1590 801 1631 similes
821 1605 977 1631 errores
997 1599 1038 1631 et
1058 1590 1197 1646 lapsus
1213 1590 1499 1646 deprehendit,

113 1668 161 1700 ut
180 1659 232 1699 ad
257 1659 442 1710 Galatas,
464 1675 569 1715 quos
586 1659 674 1714 jam
701 1666 822 1699 antea
851 1658 1098 1708 instituerat,
1119 1673 1280 1699 necesse
1310 1657 1501 1700 habuerit

112 1726 170 1766 ita
191 1726 387 1768 scribere:
422 1727 576 1767 Vereor
596 1741 648 1766 ne
668 1725 775 1766 inter
795 1741 868 1766 vos
886 1725 1042 1766 frustra
1060 1725 1344 1773 laboraverim,
1369 1735 1409 1766 et
1429 1740 1502 1766 vos

112 1793 268 1835 frustra
296 1791 542 1835 audiveritis
568 1793 858 1849 Evangelium.
921 1792 1059 1834 Filioli
1090 1793 1184 1844 mei,
1217 1808 1321 1848 quos
1351 1793 1500 1833 iterum

113 1862 312 1917 parturio,
334 1861 464 1902 donec
494 1860 687 1903 Christus
716 1861 919 1901 formetur
948 1860 990 1900 in
1010 1860 1138 1901 vobis.
1200 1861 1307 1900 Nam
1338 1860 1390 1901 de
1422 1862 1501 1901 Co-

113 1928 360 1970 rinthiorum
381 1928 580 1979 Ecclesia,
602 1943 729 1984 quam
756 1928 826 1969 illa
855 1928 965 1968 foede
995 1928 1122 1969 fuerit
1148 1928 1376 1984 inquinata,
1399 1927 1497 1968 nihil

112 2006 173 2037 est
193 2012 355 2038 necesse
381 1996 530 2037 dicere.
591 1997 690 2036 Jam
712 2011 808 2037 vero
838 2010 891 2036 an
920 1995 1164 2036 Galatarum
1195 2005 1235 2036 et
1267 1995 1500 2037 Corinthio-

112 2079 205 2104 rum
227 2063 424 2105 Ecclesiae
442 2063 525 2104 labi
545 2072 786 2120 potuerunt,
809 2062 894 2104 sola
918 2064 1110 2104 Romana
1136 2062 1320 2104 Ecclesia
1348 2078 1497 2112 errare,

112 2139 154 2171 et
172 2130 255 2171 labi
275 2146 358 2172 non
377 2134 542 2187 potest?
580 2133 703 2172 Certe
734 2130 926 2172 Christus
956 2139 1071 2172 tanto
1100 2142 1194 2171 ante
1224 2130 1417 2186 praedixit
1446 2130 1498 2171 de
1510 2146 1589 2177 Mat.
1603 2150 1681 2180 xxiv.

113 2198 297 2239 Ecclesia
316 2214 403 2249 sua,
426 2199 513 2240 fore
534 2198 757 2254 aliquando
779 2207 956 2254 tempus,
978 2213 1072 2238 cum
1094 2198 1291 2238 desolatio
1311 2206 1435 2238 staret
1455 2198 1497 2237 in

112 2266 202 2307 loco
223 2275 376 2308 sancto.
436 2268 496 2307 Et
519 2266 677 2308 Paulus
698 2266 1004 2307 Antichristum
1025 2266 1082 2307 ait
1102 2266 1324 2321 aliquando
1344 2265 1498 2321 positu-
1511 2289 1526 2310 2
1543 2282 1651 2312 Thess.
1669 2285 1700 2314 i‘.

113 2350 207 2375 rum
227 2351 312 2376 esse
333 2335 645 2376 tabernaculum
667 2350 788 2375 suum
809 2335 851 2375 in
872 2334 1025 2391 templo
1046 2334 1153 2382 Dei;
1187 2344 1227 2375 et
1244 2334 1434 2374 futurum
1450 2343 1498 2375 ut

114 2402 298 2443 homines
319 2419 458 2444 sanam
478 2402 705 2444 doctrinam
732 2418 814 2443 non
843 2403 1103 2452 sustinerent,
1126 2402 1197 2442 sed
1227 2401 1268 2442 in
1299 2402 1387 2457 ipsa
1416 2404 1526 2448 Ec-2
1544 2419 1625 2449 Tim.
1641 2421 1681 2451 iv.

113 2469 234 2511 clesia
252 2470 304 2511 ad
325 2471 487 2512 fabulas
506 2480 853 2512 converterentur.
915 2472 975 2511 Et
997 2472 1160 2520 Petrus,
1182 2470 1345 2510 futuros
1373 2470 1430 2511 ait
1455 2470 1497 2511 in
1510 2492 1525 2513 2
1546 2486 1611 2515 Pet.
1628 2487 1659 2517 ii.

114 2537 300 2579 Ecclesia
321 2538 474 2579 Christi
499 2538 715 2594 magistros
746 2538 1066 2579 mendaciorum.
1126 2539 1185 2578 Et
1216 2537 1366 2579 Daniel
1397 2540 1498 2580 Pro-
1508 2556 1589 2585 Dan.
1609 2558 1669 2586 viii.

113 2605 253 2661 pheta,
276 2605 328 2646 de
349 2605 503 2647 ultimis
525 2605 778 2660 temporibus
799 2605 1060 2655 Antichristi,
1084 2605 1256 2655 Veritas,
1278 2605 1428 2661 inquit,
1449 2623 1497 2647 co

115 2682 297 2729 tempore
312 2682 608 2730 prosternetur,
624 2682 664 2713 ct
679 2672 986 2714 conculcabitur
1002 2673 1042 2714 in
1060 2682 1177 2714 terra.
1216 2675 1274 2715 Et
1292 2673 1495 2724 Christus,
1509 2692 1587 2722 Mat.
1605 2693 1683 2723 xxiv.

116 2749 270 2783 tantam
291 2741 348 2783 ait
368 2742 454 2782 fore
475 2740 744 2782 calamitatem
769 2749 809 2782 et
829 2741 1110 2783 confusionem
1131 2757 1284 2794 rerum,
1307 2751 1353 2783 ut
1374 2742 1494 2783 etiam

1680 2296 1688 2313 ,-
