1799 3077
265 114 350 155 316
594 113 829 155 NOELLI
863 113 1321 155 CATECHISMUS.

262 228 470 283 ritumque
497 227 587 283 ejus
617 226 659 267 in
690 226 807 267 nobis
837 227 1022 268 habitare
1052 234 1163 267 certa
1196 226 1349 266 fiducia
1379 240 1472 267 cum
1507 228 1653 268 animis

260 294 408 336 nostris
439 303 640 335 statutum
672 294 821 334 habere
852 302 1025 349 oportet.
1088 293 1252 334 Deinde
1288 293 1330 333 in
1362 308 1482 334 carne
1513 302 1652 335 nostra

258 362 589 411 Omortificanda,
613 361 927 416 obediendoque
945 361 1120 417 justitiae
1150 361 1331 411 Divinae,
1352 360 1514 402 assidue
1539 360 1652 401 omni

258 446 336 486 ope
366 439 408 471 et
437 445 562 487 opera
582 438 642 470 est
662 429 917 479 enitendum,
940 438 980 470 et
1009 429 1078 485 pia
1109 429 1194 470 vita
1225 429 1339 486 apud
1360 444 1501 470 omnes
1520 428 1654 469 decla-

257 498 435 540 randum
457 513 531 539 nos
560 498 603 538 in
635 497 850 553 Baptismo
879 497 1094 538 Christum
1125 498 1262 554 ipsum
1282 497 1401 554 quasi
1421 497 1652 549 Pinduisse,

258 577 299 608 et
319 567 408 622 ejus
430 566 576 622 spiritu
597 565 771 606 donatos
791 581 890 606 csse.

317 635 380 674 M.
429 635 571 683 Quum
616 632 794 673 infantes
838 632 942 682 haec,
981 647 1076 688 quae
1120 647 1416 672 commemoras
1454 632 1652 673 hactenus

258 716 332 757 per
361 710 524 742 aetatem
555 710 751 757 praestare
781 715 862 741 non
894 700 1065 757 possint,
1098 698 1170 756 qui
1201 701 1248 741 fit
1277 709 1326 741 ut
1354 699 1413 740 illi
1441 699 1651 756 baptizen-

260 771 357 809 tur?

316 838 371 877 A.
404 837 467 877 Ut
498 835 624 876 Fides
644 844 686 876 et
707 835 958 877 Poenitentia
986 835 1193 892 baptismo
1213 835 1463 892 praecedant,
1486 844 1649 876 tantum

258 906 299 945 in
319 904 485 955 adultis,
506 904 612 960 qqui
641 919 714 960 per
743 912 907 945 aetatem
939 913 1036 944 sunt
1070 903 1289 959 utriusque
1319 919 1500 960 capaces,
1523 904 1651 961 exigi-

259 982 351 1029 tur;
390 971 619 1013 infantibus
649 987 746 1012 vero
779 971 995 1028 promissio
1027 971 1250 1012 rEcclesiae
1271 972 1380 1013 facta
1405 987 1480 1028 per
1510 972 1650 1013 Chris-

259 1050 363 1091 tum,
385 1040 425 1080 in
453 1041 572 1096 cujus
601 1040 706 1081 Fide
727 1049 740 1068 s
756 1040 1034 1096 baptizantur,
1056 1040 1099 1080 in
1129 1055 1309 1096 praesens
1339 1039 1435 1080 satis
1465 1040 1557 1090 erit,
1579 1040 1649 1081 de-

257 1108 353 1149 inde
390 1117 608 1164 postquam
645 1108 914 1158 adoleverint,
950 1107 1153 1164 Baptisnii
1193 1107 1255 1147 sui
1292 1107 1505 1148 veritatem
1539 1107 1650 1164 ipsos

255 1192 489 1233 agnoscere,
510 1177 684 1232 ejusque
705 1176 787 1216 vim
810 1175 852 1216 in
873 1176 1019 1217 animis
1048 1191 1191 1216 eorum
1212 1175 1365 1232 vigere,
1387 1184 1512 1232 atque
1541 1175 1649 1232 ipso-

255 1261 348 1286 rum
372 1245 467 1295 vita,
489 1254 530 1285 et
551 1244 736 1285 moribus
755 1244 1038 1300 repraesentari
1063 1244 1230 1284 omnino
1250 1252 1423 1300 oportet.

312 1314 375 1353 M.
408 1312 535 1353 Unde
566 1312 684 1353 nobis
713 1311 931 1362 constabit,
954 1312 1131 1353 infantes
1160 1327 1185 1353 a
1213 1311 1420 1368 baptismo
1449 1311 1647 1352 arcendos

252 1397 334 1422 non
355 1384 471 1422 esse?

310 1450 365 1490 A.
400 1450 541 1499 Quum
572 1449 704 1498 Deus,
734 1447 832 1503 ‘qui
862 1462 1077 1503 nunquam
1108 1463 1133 1488 a
1162 1447 1333 1489 veritate
1364 1446 1555 1498 deflectit,
1577 1463 1644 1488 ne-

251 1533 333 1572 que
362 1533 387 1558 a
406 1526 518 1558 recta
547 1516 614 1557 via
644 1531 820 1572 usquam
851 1515 1042 1566 declinat,
1065 1516 1242 1557 infantes
1263 1524 1284 1544 ¹¹
1298 1515 1340 1555 in
1361 1515 1546 1556 Ecclesia
1566 1517 1596 1556 J
1599 1532 1645 1557 u-

251 1585 368 1626 daica
386 1601 410 1626 a
432 1583 753 1626 Circumcisione
774 1598 856 1624 non
887 1584 1121 1634 excluserit,
1143 1599 1278 1640 neque
1308 1582 1437 1624 nostri
1467 1582 1645 1625 infantes

250 1668 275 1693 a
296 1653 511 1709 Baptismo
531 1652 756 1708 repellendi
777 1661 884 1693 sunt.

310 1722 374 1761 M.
408 1722 528 1762 Itane
558 1720 704 1761 similia
733 1720 825 1770 ista,
848 1719 1104 1776 eandemque
1125 1719 1312 1775 utrisque
1332 1735 1496 1760 causam
1517 1728 1643 1775 atquc

250 1788 449 1829 rationem
472 1788 636 1829 subesse
657 1790 810 1844 putas?

307 1858 365 1898 A.
397 1856 589 1898 Omnino.
651 1858 762 1897 Nam
790 1855 1151 1898 Circumcisionem
1184 1855 1445 1896 Poenitentiae
1476 1855 1639 1911 signum

248 1924 387 1974 fuisse,
410 1933 457 1965 ut
488 1926 631 1965 Moses
654 1933 729 1965 Xet
760 1924 983 1980 Prophetae
1013 1938 1155 1964 omnes
1184 1932 1401 1973 testantur,
1430 1923 1488 1964 ita
1517 1923 1640 1964 divus

249 1992 406 2033 Paulus
426 2008 515 2033 eam
538 1992 657 2033 Fidei
682 1994 992 2034 Sacramentum
1013 2002 1118 2032 esset
1138 1991 1269 2032 docet.
1332 1991 1476 2032 Nihilo
1502 1991 1640 2032 minus

249 2071 383 2102 tamen
409 2061 527 2118 pueri
546 2062 608 2101 yJ
614 2060 763 2110 udaiei,
787 2059 907 2101 Fidei
928 2060 1080 2110 adhuc,
1102 2068 1140 2100 et
1164 2058 1425 2100 Poenitentiae
1449 2075 1524 2115 per
1543 2069 1640 2100 aeta-

248 2138 329 2169 tem
343 2129 510 2170 minime
526 2145 707 2186 capaces,
721 2128 1121 2170 circumcidebantur
1136 2144 1147 2175 ;
1171 2142 1255 2183 quo
1270 2127 1506 2183 aspectabili
1522 2127 1639 2184 signo

248 2197 364 2238 Deus
394 2206 550 2253 patrem
575 2213 616 2238 se
637 2197 922 2253 parvulorum,
945 2205 986 2237 et
1008 2195 1172 2237 seminis
1203 2195 1347 2252 populi
1381 2195 1443 2236 sui
1475 2212 1574 2246 esse,
1598 2196 1638 2236 in

247 2265 372 2306 veteri
395 2267 666 2307 Testamento
687 2264 942 2305 ostendebat.
988 2265 1130 2314 Quum
1151 2279 1248 2304 vero
1268 2272 1425 2304 constet
1446 2263 1526 2304 Dei
1546 2279 1639 2320 gra-

246 2333 342 2373 tiam
366 2342 384 2361 Ζ
400 2342 441 2374 et
461 2332 743 2374 abundantius
763 2332 805 2372 in
828 2347 900 2372 nos
921 2332 1107 2382 effusam,
1129 2339 1170 2372 et
1190 2331 1440 2372 luculentius
1459 2331 1638 2372 declara-

287 2443 301 2455 0
318 2437 410 2467 Rom.
428 2437 469 2467 vi.
485 2447 518 2475 3,
538 2438 596 2468 &c.
615 2436 647 2474 6,
669 2447 719 2473 11,
738 2438 797 2466 ἃς.
819 2446 868 2475 13,
889 2445 937 2476 19.
961 2435 1027 2466 viii.
1048 2445 1095 2474 ¹3·
1133 2436 1249 2475 Ephes.
1266 2436 1308 2466 iv.
1328 2445 1377 2473 24.
1413 2436 1520 2466 Colos.
1540 2436 1584 2466 iii.
1603 2445 1633 2475 5.

246 2496 261 2515 Ρ
276 2490 368 2519 Rom.
385 2490 453 2520 xiii.
471 2499 519 2528 14.
545 2490 616 2521 Gal.
630 2490 678 2520 iii.
695 2490 747 2526 26,
767 2497 817 2529 27.
1040 2496 1054 2515 ⁴³
1070 2491 1155 2521 Mar.
1172 2490 1237 2520 xvi.
1258 2488 1306 2520 16.
1330 2490 1428 2520 Joan.
1445 2489 1490 2519 iii.
1512 2489 1562 2526 16,
1583 2490 1631 2520 18.

244 2549 254 2562 Γ
270 2543 361 2573 Rom.
379 2543 423 2573 iii.
438 2553 468 2582 3.
492 2544 533 2574 iv.
551 2553 604 2582 21,
619 2553 672 2582 22,
689 2553 738 2582 24.
774 2544 858 2575 Heb.
875 2555 906 2575 x.
925 2553 976 2583 23.
1097 2551 1107 2564 ⁵
1123 2545 1206 2575 Mat.
1223 2544 1335 2575 xxviii.
1354 2553 1402 2584 19.
1510 2546 1519 2563 ⁸
1535 2544 1631 2574 Rom.

244 2597 289 2626 iii.
304 2605 334 2634 4.
358 2597 399 2627 iv.
417 2606 467 2627 21.
493 2598 576 2628 ch.
592 2609 625 2629 x.
640 2608 690 2637 23.
802 2606 816 2619 *¹
834 2599 915 2629 Gen.
931 2597 1008 2628 xvii.
1026 2608 1075 2635 10,
1095 2608 1145 2635 11,
1163 2607 1214 2636 12,
1232 2599 1290 2628 &c.
1315 2598 1397 2629 Luc.
1413 2597 1434 2628 i.
1450 2606 1501 2638 59.
1528 2597 1559 2626 ii.
1580 2607 1631 2628 21.

244 2651 315 2680 Act.
331 2650 386 2680 vii.
401 2650 432 2679 8.
458 2651 537 2681 Phil.
555 2651 599 2681 iii.
618 2660 648 2691 5.
758 2658 772 2671 Χ
789 2653 887 2682 Dent.
905 2663 936 2682 x.
958 2651 1006 2682 16.
1032 2663 1106 2683 xxx.
1125 2652 1154 2682 6.
1177 2653 1245 2682 ὕει’.
1263 2653 1306 2684 iv.
1324 2661 1356 2691 4.
1454 2658 1467 2676 ,v
1487 2652 1580 2681 Rom.
1598 2652 1632 2681 ii.

246 2704 298 2740 28,
318 2713 367 2743 29.
390 2704 432 2733 iv.
454 2713 501 2733 11.
532 2705 614 2734 Gen.
631 2705 706 2735 xvii.
725 2713 755 2744 7,
775 2715 824 2741 10,
845 2716 894 2743 11,
914 2714 963 2741 12,
979 2707 1038 2736 ἃς.
1189 2712 1201 2725 2
1218 2706 1289 2736 Act.
1307 2706 1339 2736 ii.
1362 2714 1411 2745 17,
1431 2705 1478 2735 18.
1503 2715 1534 2735 x.
1549 2713 1581 2742 4,
1601 2713 1630 2743 5.

245 2767 259 2787 2
281 2758 353 2787 Cor.
372 2757 417 2787 iii.
437 2757 468 2793 6,
489 2764 517 2795 7,
536 2758 568 2793 8,
587 2768 619 2795 ι),
637 2759 692 2788 ἃς.
720 2759 790 2788 (ἱῃΙ.
809 2759 854 2788 iii.
876 2768 927 2796 23,
948 2767 996 2795 24.
1021 2759 1086 2788 Tit.
1104 2759 1148 2788 iii.
1165 2767 1195 2797 5,
1215 2759 1242 2787 6.
