1799 3077
468 156 704 198 NOELLI
738 154 1204 197 CATECHISMUS.
1451 157 1529 196 251

201 271 267 312 Μ.
299 270 444 321 Qualis
464 269 651 312 sacerdos
671 278 732 311 est
754 270 1004 311 CHRISTUs?

201 339 260 380 A.
294 339 546 389 thrximus,
579 347 619 379 et
650 347 853 386 aeternus3
892 337 965 393 qui
997 336 1107 377 solus
1139 351 1224 377 sese
1255 335 1349 375 Deo
1380 335 1533 385 sistere,

146 406 256 447 solus
277 406 534 457 sacrificium,
557 406 672 463 quod
693 406 761 447 ille
785 414 952 462 gratum
973 413 1274 461 acceptumque
1293 402 1458 453 habeat,
1478 402 1538 442 fa-

146 490 251 524 cere,
273 483 314 515 et
335 474 445 515 solus
466 474 548 515 Dei
568 475 670 515 iram
691 473 854 530 placare
874 472 995 513 valet.

204 543 268 582 M.
302 543 396 592 Quo
416 542 494 583 ista
513 551 654 583 nostro
674 541 891 583 commodo
911 541 1039 583 facit?

202 610 258 650 A.
293 609 402 660 Quia
431 610 549 651 nobis
569 626 594 650 a
612 611 742 650 uDeo
772 624 915 665 pacem
945 624 992 650 ac
1022 607 1183 648 veniam
1214 605 1320 663 petit
1340 614 1381 646 et
1402 620 1541 661 preca-

147 686 230 727 tur,
251 677 371 718 nobis
390 677 492 718 iram
516 678 597 719 Dei
621 677 771 734 placat,
793 692 951 733 nosque
973 676 1090 717 Patri
1110 673 1354 716 reconciliat.
1419 672 1541 714 Solus

146 746 253 787 enim
277 746 469 788 Christus
492 746 705 787 Mediator
734 754 873 786 noster
902 753 977 795 est,
998 760 1073 801 per
1093 758 1218 800 quem
1239 757 1335 784 cum
1357 742 1450 783 Deo
1479 757 1542 782 re-

145 814 283 855 dimus
307 815 349 855 in
378 815 566 870 gratiam.
631 814 711 855 Sed
743 821 783 854 et
813 813 991 869 collegas
1021 828 1094 854 nos
1124 810 1434 868 quodammodo
1464 810 1541 850 sibi

144 882 220 922 xin
241 882 468 923 sacerdotio
499 898 574 923 suo
594 882 706 932 facit,
730 881 847 922 nobis
868 896 1036 937 quoque
1063 881 1166 921 dans
1196 880 1355 921 aditum
1376 879 1429 919 ad
1461 880 1541 919 Pa-

145 959 265 999 trem,
289 959 336 992 ut
365 950 407 991 in
432 950 521 1006 ejus
541 959 808 1006 conspectum
829 964 924 990 cum
954 949 1107 990 fiducia
1136 948 1317 1005 prodire,
1339 957 1380 988 et
1400 962 1474 988 nos
1495 962 1542 987 ac

146 1028 286 1060 nostra
305 1018 442 1059 omnia
463 1020 557 1060 Deo
579 1017 695 1059 Patri
723 1017 765 1058 in
789 1017 1030 1058 sacrificium
1052 1032 1126 1073 per
1146 1016 1284 1073 ipsum
1305 1016 1451 1056 offerre
1471 1030 1545 1056 au-

146 1087 329 1128 deamus.

207 1157 270 1196 M.
305 1154 531 1211 Prophetia
552 1169 737 1196 CHRISTI
758 1153 992 1211 cujusmodi
1013 1156 1103 1194 est?

204 1226 259 1265 A.
295 1225 437 1274 Quum
469 1223 702 1280 Prophetas
733 1222 813 1264 Dei
844 1222 989 1279 optimi
1020 1221 1190 1262 maximi
1222 1236 1373 1270 servos,
1397 1228 1444 1260 ut
1473 1235 1544 1260 vo-

145 1291 348 1332 luntatem
380 1306 497 1331 suam
527 1291 720 1332 mortales
751 1291 983 1340 edocerent,
1014 1298 1135 1330 antea
1164 1305 1189 1330 a
1219 1304 1260 1329 se
1288 1288 1444 1337 missos,
1471 1287 1544 1327 ho-

146 1359 276 1400 mines
296 1369 317 1398 Y
330 1368 638 1400 contemnerent
660 1368 786 1415 atque
810 1366 1142 1415 aspernarentur,
1164 1357 1424 1412 verbumque
1453 1356 1487 1411 ej
1496 1371 1544 1396 us

149 1438 450 1469 sacrosanctum
473 1428 557 1468 suis
584 1427 749 1468 somniis
778 1436 904 1483 atque
935 1426 1110 1467 inventis
1136 1426 1223 1482 jam
1255 1425 1377 1481 plane
1398 1425 1543 1465 obscu-

148 1505 319 1546 rassent,
359 1505 485 1551 atque
525 1495 771 1545 obruissent,
812 1495 899 1551 ipse
938 1494 1018 1535 Dei
1061 1493 1193 1534 Filius
1235 1493 1543 1550 Prophetarum

150 1564 333 1605 omnium
367 1564 574 1604 Dominus
605 1563 645 1603 in
681 1564 793 1604 hunc
829 1563 1034 1603 mundum
1071 1561 1296 1611 descendit,
1328 1571 1376 1602 ut
1409 1561 1545 1602 Patris

151 1632 365 1673 voluntate
386 1647 512 1687 quam
542 1631 773 1687 plenissime
794 1630 1013 1681 declarata,
1035 1629 1263 1686 prophetiis
1283 1645 1330 1670 ac
1354 1629 1547 1670 vaticina-

152 1701 334 1742 tionibus
374 1699 566 1741 omnibus
601 1700 724 1740 finem
766 1699 1007 1755 imponeret.
1070 1698 1207 1739 Patris
1247 1714 1346 1754 ergo
1384 1698 1546 1754 legatus

152 1779 169 1798 z
182 1780 308 1826 atque
328 1768 613 1810 internuncius
633 1768 684 1809 ad
712 1768 897 1809 homines
918 1767 1044 1818 venit,
1067 1776 1115 1808 ut
1134 1767 1224 1823 ipso
1245 1767 1481 1823 interprete,
1503 1767 1545 1807 in

151 1846 303 1879 rectam
328 1836 409 1878 Dei
430 1836 706 1893 cognitionem
728 1852 774 1877 ac
795 1836 1010 1877 veritatem
1036 1851 1200 1877 omnem
1228 1835 1544 1876 adducerentur.

152 1909 221 1948 Ita
241 1905 391 1962 triplex
411 1905 512 1946 illud
536 1905 715 1946 officium
738 1914 778 1946 et
797 1920 964 1955 munus,
983 1905 1097 1960 quod
1119 1904 1200 1944 Dei
1224 1904 1356 1944 Filius
1377 1919 1401 1944 a
1422 1905 1548 1944 Patre

151 1974 305 2016 coelesti
322 1986 556 2030 susceptum
575 1974 770 2030 explevit,
787 1982 835 2014 ut
851 1973 1064 2014 nobiscum
1079 1973 1262 2013 fructum
1278 1972 1312 2027 ej
1320 1987 1368 2012 us
1383 1986 1545 2012 omnem

152 2043 487 2093 communicaret,
511 2042 666 2084 Christi
688 2042 853 2082 nomine
873 2041 1118 2082 continetur.

212 2112 276 2153 M.
311 2113 407 2152 Hoc
438 2127 537 2167 ergo
556 2111 598 2151 in
623 2126 787 2151 summa
807 2109 957 2150 dixisse
978 2108 1143 2158 videris,
1168 2107 1321 2149 Filium
1354 2106 1434 2147 Dei
1464 2121 1546 2146 non

153 2179 278 2221 modo
308 2179 402 2229 dici,
432 2189 473 2220 et
504 2194 588 2220 esse
619 2180 773 2219 JESUM
808 2192 1055 2226 CHRISTUM,
1088 2176 1129 2217 id
1165 2185 1238 2225 est,
1273 2176 1545 2224 Servatorem,

156 2250 333 2304 Regem,
371 2247 649 2298 Sacerdotem,
688 2247 957 2303 Prophetam,
990 2244 1060 2285 sed
1097 2253 1137 2285 et
1167 2243 1299 2293 nobis,
1322 2252 1362 2283 et
1392 2243 1445 2283 ad
1477 2257 1548 2283 no-

155 2326 286 2358 strum
309 2315 573 2356 commodum
594 2324 720 2371 atque
743 2315 916 2356 salutem
937 2314 994 2354 ita
1015 2328 1111 2353 esse.

211 2386 267 2425 A.
302 2383 495 2425 Omnino.

212 2452 280 2492 M.
312 2453 468 2492 Verum
491 2466 623 2506 quum
654 2451 734 2506 piis
755 2450 977 2491 aomnibus
1010 2449 1073 2489 hic
1104 2448 1235 2488 honor
1265 2446 1479 2496 habeatur,
1502 2455 1549 2486 ut

203 2539 307 2569 2Psal.
325 2548 375 2569 cx.
391 2547 422 2576 4.
459 2538 543 2568 Heb.
561 2538 602 2568 iv.
624 2546 674 2576 14,
695 2548 743 2577 ¹5·
766 2548 795 2568 v.
812 2536 841 2568 6.
866 2537 921 2567 vii.
937 2547 970 2575 3,
993 2545 1043 2573 11,
1065 2544 1115 2575 15,
1136 2534 1188 2571 16,
1208 2543 1260 2571 21,
1279 2533 1332 2569 26,
1351 2534 1410 2564 διο.
1432 2533 1477 2563 ix.
1500 2541 1548 2570 ¹4-

155 2600 169 2614 υ
187 2594 266 2624 Luc.
282 2593 316 2623 ii.
336 2601 384 2630 14.
401 2594 497 2623 Joan.
514 2592 579 2622 xiv.
596 2599 644 2631 27.
670 2593 743 2622 Act.
761 2602 792 2622 x.
807 2591 860 2630 36.
877 2591 994 2630 Ephes.
1009 2590 1042 2620 ii.
1063 2598 1112 2627 14,
1130 2596 1178 2628 17.
1197 2588 1304 2618 Colos.
1321 2588 1343 2618 i.
1363 2596 1412 2626 23.
1433 2597 1445 2617 1
1460 2587 1549 2617 Tim.

154 2648 190 2679 ii.
208 2657 238 2686 5.
263 2647 346 2677 Heb.
365 2647 409 2676 ix.
430 2654 479 2683 14,
497 2653 546 2685 15.
633 2652 648 2665 Χ
672 2646 766 2676 Rom.
784 2646 851 2675 viii.
874 2654 924 2683 14,
946 2652 994 2684 15.
1019 2643 1075 2674 xii.
1097 2652 1124 2673 1.
1148 2643 1221 2674 Gal.
1238 2642 1280 2672 iv.
1299 2650 1332 2682 5,
1349 2640 1380 2672 6.
1404 2642 1485 2681 Eph.
1502 2641 1547 2672 iii.

160 2710 209 2732 12.
338 2706 352 2725 y
378 2700 460 2730 Mat.
479 2710 530 2729 xv.
548 2709 580 2738 3,
601 2699 634 2737 8,
651 2709 682 2739 9.
705 2699 770 2729 xxi.
787 2707 842 2737 34,
858 2705 911 2738 37.
948 2698 1025 2728 Luc.
1043 2696 1087 2727 xi.
1105 2703 1159 2736 47,
1178 2704 1230 2736 50.
1267 2696 1338 2726 Act'.
1356 2695 1408 2725 vii.
1425 2703 1478 2733 51,
1496 2703 1547 2733 52.

160 2756 243 2785 Heb.
261 2755 281 2785 i.
304 2765 332 2791 1,
353 2764 380 2784 2.
469 2760 481 2773 ἰ
503 2753 600 2784 Joan.
616 2753 637 2784 i.
653 2762 687 2791 4,
707 2764 735 2792 5.
761 2753 828 2783 viii.
848 2752 900 2788 26,
919 2761 970 2790 40.
995 2762 1046 2781 xv.
1068 2758 1116 2789 15.
1139 2749 1216 2780 xvii.
1234 2748 1265 2785 6,
1285 2751 1343 2779 διο.
1419 2755 1431 2768 ¹·
1453 2749 1547 2777 Joau.

160 2810 180 2839 i.
199 2817 247 2845 12,
269 2819 316 2847 ¹3-
342 2809 385 2838 xi.
405 2816 454 2847 52.
480 2808 573 2837 Rom.
590 2808 632 2837 ix.
653 2806 702 2837 26.
