1799 3077
465 142 700 183 NOELLI
734 142 1199 184 CATECHISMUS.
1444 147 1528 190 287

140 263 216 305 est,
238 255 280 295 in
311 256 431 311 cujus
460 263 662 311 potestate
693 255 770 295 sita
800 265 896 297 sunt
926 256 1087 303 omnia;
1121 271 1252 312 quum
1284 272 1382 313 ergo
1412 274 1533 301 omne

141 323 255 378 quod
287 323 441 363 bonum
471 331 544 372 est,
566 322 764 378 quodque
795 322 1004 363 hominem
1028 322 1310 364 Christianum
1331 333 1472 380 optare
1493 336 1534 368 et

142 400 334 446 expetere
355 399 556 446 oporteat,
579 391 697 431 Deus
717 390 835 431 nobis
863 390 1084 447 largiatur;
1118 406 1335 447 quumque
1361 392 1395 433 is
1425 393 1535 434 solus

141 459 183 499 in
206 458 353 514 quovis
373 466 392 486 o
405 458 637 499 discrimine
664 474 785 515 opem
815 468 942 515 atque
972 459 1174 500 auxilium
1193 460 1315 510 ferre,
1336 460 1536 516 pericula-

143 542 225 581 que
246 525 384 566 omnia
403 525 608 581 depellere
632 526 775 582 possit,
797 527 850 567 ab
872 542 919 567 eo
939 542 1025 567 rem
1046 542 1210 568 omnem
1238 536 1391 583 petere,
1412 536 1536 583 atque

144 594 197 634 ad
228 593 363 650 ipsum
396 593 528 634 solum
558 594 601 634 in
631 594 778 649 quavis
807 594 1048 636 difficultate
1078 595 1318 651 confugere,
1339 604 1380 636 et
1409 595 1539 651 ipsius

145 678 266 719 opem
286 662 505 719 implorare
526 678 599 703 nos
619 663 822 704 convenit.
868 664 964 704 Hoc
984 663 1090 704 enim
1114 663 1200 719 ipse
1220 663 1261 704 in
1283 672 1302 702 P
1317 664 1443 705 verbo
1464 679 1539 704 suo

146 739 343 786 tanquam
377 730 640 787 peculiarem,
662 731 962 787 propriumque
991 731 1172 772 numinis
1193 732 1255 772 sui
1276 731 1436 773 cultum
1457 731 1541 773 exi-

146 798 223 853 git,
240 807 365 854 atque
387 798 582 854 deposcit.

208 867 270 906 M.
305 867 460 906 Annon
493 881 591 921 ergo
621 875 730 907 recte
751 875 912 907 sanctos
942 866 1141 917 homines,
1165 867 1238 923 qui
1268 883 1319 909 ex
1350 867 1427 908 hac
1455 867 1541 909 vita

148 933 352 982 abierunt,
369 942 442 974 aut
464 934 650 989 Angelos
672 934 794 975 etiam
815 934 1127 975 invocabimus?

207 1005 262 1043 A.
297 1002 499 1050 Minime3
532 1002 575 1042 id
597 1002 703 1043 enim
722 1012 840 1053 esset,
857 1003 924 1043 vel
944 1002 1188 1044 infinitatem
1209 1001 1301 1052 illis,
1319 1013 1366 1043 ut
1386 1002 1544 1058 ubique

150 1078 372 1127 praesentes
393 1069 487 1119 sint,
505 1069 570 1110 vel
591 1069 831 1110 absentibus
851 1069 1087 1111 abditarum
1106 1069 1364 1112 voluntatum
1387 1079 1544 1111 nostra-

149 1153 244 1179 rum
264 1137 590 1194 intelligentiam,
613 1138 691 1179 hoc
710 1147 785 1187 est,
808 1138 1082 1179 Divinitatem
1104 1138 1312 1194 quandam
1334 1138 1540 1186 tribuere;

153 1206 358 1262 simulque
378 1206 571 1247 fiduciam
604 1215 730 1262 atque
762 1221 875 1262 spem
904 1215 1100 1257 nostram,
1123 1215 1143 1244 q
1161 1222 1257 1262 quae
1288 1216 1374 1247 tota
1396 1206 1439 1247 in
1460 1207 1545 1248 solo

154 1276 247 1315 Deo
267 1273 504 1315 collocanda
523 1282 640 1325 esset,
663 1273 814 1330 partim
835 1273 877 1314 in
898 1273 1008 1330 ipsos
1030 1274 1264 1324 transferre,
1282 1283 1407 1330 atque
1427 1275 1484 1316 ita
1503 1275 1547 1315 in

153 1341 425 1383 idololatriam
455 1341 627 1398 prolabi.
691 1342 772 1383 Sed
793 1350 834 1382 et
855 1357 986 1397 quum
1009 1343 1127 1382 Deus
1157 1341 1211 1382 ad
1239 1357 1280 1382 se
1312 1357 1443 1382 unum
1473 1357 1547 1383 nos

156 1420 288 1460 vocet,
311 1418 324 1437 Γ
338 1425 378 1450 se
399 1425 473 1450 nos
492 1418 533 1450 et
553 1409 795 1451 auditurum
817 1418 858 1450 et
879 1409 1139 1465 adjuturum,
1160 1409 1403 1465 interposito
1424 1410 1547 1450 etiam

149 1478 437 1534 jurejurando,
459 1477 687 1534 promittat,
705 1478 758 1518 ad
779 1478 952 1519 aliorum
975 1493 1093 1534 opem
1117 1478 1341 1533 confugere
1357 1478 1550 1519 diffiden-

156 1547 224 1587 tiae
245 1555 362 1596 esset,
382 1556 508 1602 atque
528 1545 782 1587 infidelitatis
802 1555 959 1586 certum
989 1556 1292 1601 argumentum.
1354 1547 1411 1587 Et
1434 1546 1549 1601 quod

157 1615 211 1655 ad
239 1622 397 1655 sanctos
428 1614 628 1665 homines,
651 1614 723 1669 qui
754 1630 805 1655 ex
838 1614 914 1654 hae
946 1613 1032 1654 vita
1065 1623 1341 1665 excesserunt,
1373 1614 1546 1662 attinet;

158 1682 280 1738 quale
301 1698 442 1737 quaeso
471 1682 549 1723 hoc
579 1691 697 1733 esset,
720 1682 861 1723 relicto
882 1683 975 1722 Deo
996 1690 1010 1710 s
1024 1681 1200 1732 vivente,
1221 1683 1415 1724 audiente
1436 1687 1553 1739 tpre-

158 1765 224 1790 ces
243 1759 415 1800 nostras,
438 1750 734 1806 potentissimo,
757 1759 778 1778 u
792 1749 1108 1806 propensissimo
1127 1750 1182 1791 ad
1204 1751 1454 1807 juvandum,
1477 1751 1550 1806 qui

102 1854 105 1858 ,
160 1833 233 1858 nos
253 1818 306 1858 ad
329 1833 369 1859 se
390 1827 412 1846 x
425 1829 556 1869 vocet,
580 1834 655 1859 suo
676 1818 844 1858 numine
865 1827 991 1873 atque
1012 1818 1167 1859 auxilio
1188 1834 1262 1859 nos
1281 1819 1550 1860 defensurum

160 1886 201 1926 in
222 1886 349 1927 verbo
367 1885 550 1926 veritatis
580 1886 809 1942 promittat,
830 1895 990 1942 yatque
1017 1886 1156 1942 juret3
1191 1886 1261 1927 illo
1290 1887 1460 1943 inquam
1491 1902 1552 1928 re-

160 1955 270 2005 licto,
307 1956 360 1996 ad
394 1954 579 1995 homines
615 1963 813 2005 mortuos,
847 1954 1007 2003 surdos,
1040 1953 1262 1995 imbecilles
1300 1955 1547 2011 confugere;

161 2023 234 2079 qui
254 2038 389 2078 neque
409 2038 530 2078 opem
558 2022 834 2079 promiserint,
857 2037 991 2077 neque
1020 2021 1221 2062 auxilium
1242 2022 1349 2063 ferre
1378 2023 1550 2078 possint,

162 2091 314 2146 quibus
338 2091 514 2146 juvandi
544 2090 673 2131 nostri
705 2100 843 2146 partes
875 2091 993 2130 Deus
1025 2105 1232 2145 nusquam
1266 2089 1469 2140 tribuerit,
1497 2090 1552 2130 ad

163 2174 268 2214 quos
297 2158 421 2199 nullis
452 2158 689 2214 Scripturis,
712 2157 864 2213 quibus
886 2166 903 2185 z
918 2157 1042 2197 Fides
1072 2165 1184 2198 certo
1210 2156 1379 2206 nitatur,
1401 2157 1553 2212 diriga-

165 2241 272 2275 mur,
296 2226 367 2266 sed
397 2226 541 2281 eapitis
573 2235 736 2266 tantum
769 2224 897 2266 nostri
929 2224 1108 2275 somniis,
1130 2234 1203 2265 aut
1233 2224 1384 2265 deliriis
1413 2224 1552 2280 potius

164 2293 351 2343 fidentes,
369 2303 521 2334 temere
540 2309 724 2349 agamur.

224 2362 288 2402 M.
321 2363 384 2403 At
405 2361 680 2417 Angelorum,
702 2360 776 2417 qui
806 2375 878 2400 nos
905 2360 1184 2410 circumstant,
1205 2371 1246 2400 et
1276 2375 1349 2401 nos
1378 2360 1552 2416 proinde

166 2429 357 2479 audiunt,
374 2445 500 2486 opera
519 2430 637 2470 Deus
657 2429 709 2470 ad
731 2427 904 2469 salutem
925 2437 1106 2469 nostram
1127 2427 1269 2469 utitur.

212 2576 225 2589 ⁰
243 2569 326 2599 Psal.
342 2568 429 2598 xviii.
449 2577 477 2605 1,
494 2570 551 2598 ἅτε.
569 2568 621 2604 26,
637 2575 690 2607 27,
707 2567 758 2604 28,
776 2569 834 2598 ἃς.
859 2566 921 2597 xci.
943 2576 971 2605 1,
991 2576 1021 2602 2,
1037 2567 1096 2597 διε.
1259 2573 1274 2593 Ρ
1289 2567 1372 2598 Psal.
1389 2567 1412 2598 1.
1430 2574 1480 2606 15,
1500 2578 1550 2607 23.

170 2621 271 2652 lxxxi.
291 2628 318 2662 7.
341 2621 464 2651 lxxxix.
484 2619 536 2658 26,
553 2628 604 2660 27.
697 2627 712 2646 ‘1
728 2621 811 2651 Psal.
828 2620 860 2650 ii.
880 2629 928 2650 12.
954 2630 1029 2650 xxv.
1050 2629 1078 2657 1,
1094 2627 1124 2649 2.
1148 2619 1256 2650 cxviii.
1273 2619 1306 2658 8,
1322 2629 1353 2661 9.
1440 2627 1451 2641 Υ
1468 2621 1552 2651 Psal.

170 2675 190 2705 l.
209 2684 256 2714 15.
280 2676 402 2706 lxxxix.
419 2675 470 2712 26,
488 2682 538 2714 27.
561 2675 657 2704 Joan.
672 2674 738 2705 xvi.
756 2683 809 2713 23,
828 2682 878 2711 24.
965 2679 975 2693 ⁵
991 2673 1074 2704 Psal.
1089 2673 1141 2704 cii.
1160 2682 1214 2711 21,
1233 2682 1285 2712 23,
1302 2682 1354 2712 ²4·
1442 2678 1450 2694 t
1466 2675 1550 2706 Psal.

170 2727 191 2757 l.
208 2735 256 2767 15.
414 2735 428 2748 ¹¹
444 2728 525 2767 Eph.
543 2727 588 2758 iii.
608 2736 657 2758 20.
809 2733 823 2746 ¹
840 2727 921 2759 Mat.
938 2726 982 2758 xi.
1001 2726 1052 2757 28.
1203 2733 1216 2752 ‚v
1232 2727 1330 2757 Joan.
1346 2727 1411 2757 xvi.
1429 2735 1481 2765 23,
1500 2736 1552 2764 24.

172 2787 183 2800 Ζ
201 2782 293 2812 Rom.
312 2792 341 2811 x-
359 2782 390 2818 8,
408 2791 457 2819 14,
477 2788 524 2820 17.
