1799 3077
432 137 669 179 NOELLI
704 129 1170 178 CATECHISMU'S.
1409 141 1493 184 299

104 252 303 292 immensa
323 250 405 292 Dei
424 251 623 307 potentia,
646 250 858 306 sapientia,
874 249 1052 306 justitia,
1076 248 1249 299 bonitas,
1271 248 1494 306 divinaque

105 318 194 374 ejus
214 334 340 374 opera
369 319 506 359 onmia
534 317 706 375 gloriam
738 317 820 358 Dei
851 326 977 373 atque
1007 315 1324 373 amplitudinem
1354 332 1497 359 revera

104 386 325 436 illustrant,
347 386 406 427 ita
434 395 627 443 optamus
649 396 696 427 ut
717 385 868 426 bnobis
898 385 1020 426 etiam
1050 384 1225 425 illustria
1250 393 1290 425 et
1320 384 1497 440 gloriosa

105 463 355 510 appareant3
389 469 473 510 quo
503 454 689 495 authoris
718 454 1036 510 magnificentia,
1057 462 1106 494 ut
1134 453 1178 493 in
1208 468 1293 494 sese
1323 462 1381 494 est
1412 469 1497 493 am-

105 520 300 577 plissima,
334 520 389 561 sic
419 530 460 561 et
489 521 596 561 inter
627 537 702 562 nos
731 521 864 562 modis
895 520 1088 562 omnibus
1121 519 1350 576 splendida,
1372 528 1498 576 atque

104 589 302 645 praeclara
340 589 534 639 reluceat,
571 599 612 630 et
651 589 846 631 laudibus
880 599 1006 646 atque
1039 588 1265 630 honoribus
1303 588 1496 644 privatim

104 657 354 713 publiceque
373 657 614 698 celebretur.

165 726 232 766 M.
267 727 401 781 Perge
421 725 574 766 adhuc.

163 794 223 834 A.
254 795 481 833 Precamur
512 802 713 849 praeterea
743 807 795 833 ne
822 792 1121 834 sanctissimum
1154 791 1237 833 Dei
1266 806 1416 832 nomen
1446 792 1499 833 ab

105 859 194 901 aliis
222 869 394 916 propter
423 869 563 901 nostra
593 860 693 901 vitia
712 861 848 901 cmale
878 860 1035 911 audiat,
1057 870 1098 901 et
1128 861 1246 916 quasi
1276 859 1502 916 ignominia

106 928 332 975 afficiatur;
367 928 438 982 sed
459 938 507 969 ut
526 928 666 985 potius
687 928 777 984 ejus
796 928 929 985 gloria
947 944 1021 985 per
1041 937 1223 969 nostram
1244 943 1343 984 erga
1359 929 1500 968 Deum

106 995 377 1052 hominesque
401 995 597 1052 pietatem
617 996 774 1052 ubique
803 996 992 1052 gentium
1022 996 1309 1052 amplificetur.
1372 997 1502 1051 Opta-

108 1078 202 1104 mus
222 1063 416 1119 denique,
439 1073 488 1105 ut
517 1064 692 1105 aliorum
720 1064 920 1115 omnium,
943 1064 1015 1120 qui
1044 1064 1162 1114 coelo,
1186 1073 1308 1113 terra,
1330 1063 1500 1113 marive,

109 1131 175 1172 vel
211 1131 301 1172 aliis
335 1131 496 1188 uspiam
531 1132 629 1173 locis
663 1132 888 1173 dDeorum
923 1132 1218 1188 appellationes
1253 1141 1294 1173 et
1328 1132 1503 1171 honores

108 1199 248 1255 adepti
282 1209 393 1250 sunt,
415 1210 456 1241 et
485 1200 527 1240 in
558 1200 736 1257 templis,
759 1200 881 1240 variis
913 1200 1071 1256 figuris,
1093 1209 1220 1256 atque
1251 1198 1504 1241 caeremoniis

108 1267 330 1314 coluntur;
378 1268 582 1324 quibusve
613 1277 780 1325 pectora
815 1283 902 1319 sua,
934 1268 1053 1324 quasi
1089 1268 1263 1309 delubra
1293 1266 1501 1323 quaedam,

108 1335 295 1376 homines
324 1351 474 1388 errore,
497 1346 538 1378 et
566 1337 680 1377 vanis
709 1336 973 1393 opinionibus
1003 1335 1153 1377 imbuti
1185 1343 1500 1381 consecrarunt;

109 1402 350 1459 hujusmodi
382 1404 551 1461 inquam
588 1404 978 1454 commentitiorum,
1009 1405 1285 1458 fictorumque
1314 1404 1502 1443 Deorum

110 1472 345 1513 nominibus
366 1472 556 1514 funditus
577 1472 781 1522 extinctis,
804 1482 844 1513 et
872 1471 1077 1513 oblivione
1108 1470 1355 1526 sempiterna
1379 1470 1504 1511 obru-

111 1539 176 1590 tis,
199 1549 325 1596 atque
346 1540 503 1591 deletis,
527 1540 658 1580 solum
681 1540 762 1581 Dei
783 1539 957 1581 coelestis
983 1539 1119 1580 Patris
1140 1538 1327 1578 divinum
1354 1553 1504 1579 nomen

111 1616 237 1662 atque
275 1623 445 1658 numen,
483 1623 682 1664 magnum
720 1608 961 1664 clarumque
996 1607 1061 1657 sit,
1093 1606 1282 1662 illudque
1313 1606 1506 1647 mortales

111 1689 253 1715 omnes
281 1674 438 1730 ubique
466 1685 667 1716 terrarum
700 1685 938 1732 agnoscant,
967 1685 1158 1731 auguste,
1191 1684 1411 1730 sancteque
1440 1688 1506 1713 co-

112 1742 199 1783 lant
225 1751 352 1798 atque
373 1751 636 1793 venerentur,
658 1753 698 1784 et
728 1743 844 1800 puris
875 1743 981 1784 votis
1011 1753 1137 1798 atque
1163 1742 1309 1784 animis
1339 1756 1505 1799 precen-

115 1818 198 1859 tur,
220 1809 423 1860 invocent,
446 1810 678 1866 implorent.

170 1878 234 1918 M.
269 1879 400 1919 Recte
420 1878 588 1934 quidem
610 1878 776 1925 dixisti;
809 1894 935 1934 perge
955 1893 1108 1934 quaeso.

169 1946 225 1985 A.
262 1945 454 1986 Secundo
483 1945 571 1986 loco
603 1946 796 2002 petimus,
818 1955 867 1987 ut
887 1948 1140 1987 ADVENIAT
1169 1960 1360 1986 REGNUM
1393 1946 1503 1995 DEI,

114 2013 157 2054 id
177 2023 252 2064 est,
274 2029 326 2054 ne
353 2014 469 2054 verbi
500 2015 563 2055 sui
596 2015 778 2055 divinam
799 2014 1059 2064 everitatem,
1083 2029 1209 2070 quam
1240 2022 1281 2054 et
1312 2014 1505 2069 Evange-

113 2081 216 2121 lium
246 2082 362 2137 regni
395 2082 586 2123 Christus
614 2092 842 2139 nuncupat,
871 2083 1088 2123 obscuram
1118 2082 1161 2122 in
1191 2081 1368 2122 tenebris
1399 2081 1504 2121 sinat

109 2149 260 2204 jacere,
284 2148 355 2189 sed
376 2164 465 2189 eam
486 2150 672 2205 quotidie
693 2150 824 2206 magis
844 2165 890 2191 ac
911 2150 1042 2205 magis
1069 2150 1110 2190 in
1141 2149 1275 2190 lucem
1305 2149 1502 2205 proferat,

115 2226 258 2258 contra
292 2218 455 2258 Satanae
475 2217 624 2274 satque
654 2218 875 2275 impiorum
907 2217 1122 2258 hominum
1151 2217 1329 2273 ingenia,
1352 2216 1505 2257 callidi-

117 2294 258 2335 tatem,
281 2284 501 2335 solertiam,
530 2295 756 2342 contraque
782 2287 897 2327 fictas
927 2286 1112 2326 omnium
1142 2284 1322 2334 insidias,
1344 2284 1416 2340 qui
1437 2300 1506 2325 ve-

117 2352 228 2392 ritati
259 2353 448 2393 tenebras
479 2353 707 2404 offundere,
737 2369 910 2409 eamque
942 2353 1161 2403 infirmare,
1188 2361 1261 2393 aut
1293 2351 1506 2392 mendacio

118 2419 395 2460 contaminare
430 2420 646 2468 nituntur;
690 2432 915 2477 contraque
951 2430 1219 2477 tyrannorum
1254 2419 1503 2470 violentiam,

163 2556 177 2576 1’
193 2558 276 2588 Psal.
294 2558 381 2588 cxiii.
396 2567 426 2595 2,
441 2568 474 2597 3,
489 2560 548 2589 ἃς.
572 2559 656 2588 cxiv.
678 2569 704 2588 1.
728 2559 811 2589 cxlv.
828 2564 906 2590 toto.
939 2560 1033 2589 Rom.
1050 2559 1093 2588 xi.
1108 2557 1160 2597 36.
1326 2564 1338 2577 ⁰
1355 2557 1441 2587 Esai.
1458 2557 1506 2587 lii.

121 2619 153 2650 5,
168 2609 198 2640 6.
224 2613 318 2642 Ezec.
336 2612 447 2641 xxxvi.
463 2621 512 2642 20.
538 2613 632 2642 Rom.
650 2612 682 2642 ii.
700 2621 750 2650 24.
914 2611 927 2631 ὃ
943 2613 1011 2642 Jos.
1027 2611 1115 2642 xxiv.
1131 2619 1182 2649 14,
1201 2619 1251 2649 23.
1273 2611 1356 2641 Psal.
1374 2610 1457 2641 xcvi.
1474 2619 1505 2648 4.

121 2665 218 2695 xcvii.
236 2672 267 2704 7,
285 2675 316 2705 9.
339 2675 411 2696 cxv.
427 2673 460 2703 3,
476 2676 509 2702 4,
526 2666 583 2695 &tu
608 2675 725 2695 cxxxv.
746 2673 794 2705 15.
829 2666 923 2696 Rom.
938 2665 960 2695 i.
977 2674 1025 2704 23.
1055 2673 1067 2694 1
1085 2665 1182 2695 Joan.
1197 2674 1227 2694 v.
1243 2673 1292 2694 21.
1395 2670 1407 2684 θ
1423 2665 1507 2694 Mat.

121 2718 162 2748 iv.
181 2728 231 2757 23.
254 2719 299 2748 ix.
315 2726 368 2758 35.
394 2719 478 2749 Mar.
495 2718 517 2748 i.
539 2727 586 2756 14.
609 2720 704 2748 Joan.
722 2719 788 2749 viii.
805 2729 861 2757 31,
876 2728 928 2758 32.
1105 2717 1116 2737 f
1129 2719 1210 2749 Mat.
1228 2718 1296 2748 xiii.
1316 2727 1367 2758 25,
1383 2718 1438 2757 38,
1453 2727 1505 2757 39.

122 2782 174 2802 xv.
193 2781 224 2810 2,
241 2781 274 2810 3,
291 2771 322 2802 6.
348 2772 426 2802 Luc.
443 2771 508 2803 xvi.
525 2772 556 2802 8.
579 2774 674 2803 Joan.
691 2772 737 2802 iii.
757 2781 807 2813 19,
826 2781 875 2802 20.
