<?xml version="1.0" encoding="UTF-8"?>
<!DOCTYPE html PUBLIC "-//W3C//DTD XHTML 1.0 Transitional//EN"
    "http://www.w3.org/TR/xhtml1/DTD/xhtml1-transitional.dtd">
<html xmlns="http://www.w3.org/1999/xhtml" xml:lang="en" lang="en">
 <head>
  <title>
</title>
<meta http-equiv="Content-Type" content="text/html;charset=utf-8" />
  <meta name='ocr-system' content='tesseract 3.04.00' />
  <meta name='ocr-capabilities' content='ocr_page ocr_carea ocr_par ocr_line ocrx_word'/>
</head>
<body>
  <div class='ocr_page' id='page_1' title='image "./enchiridiontheol01rand_0182.png"; bbox 0 0 1799 3077; ppageno 0'>
   <div class='ocr_carea' id='block_1_1' title="bbox 294 114 1285 157">
    <p class='ocr_par' dir='ltr' id='par_1_1' title="bbox 294 114 1285 157">
     <span class='ocr_line' id='line_1_1' title="bbox 294 114 1285 157; baseline 0 -1"><span class='ocrx_word' id='word_1_1' title='bbox 294 114 377 157; x_wconf 87' lang='lat'>168</span> <span class='ocrx_word' id='word_1_2' title='bbox 682 116 913 157; x_wconf 79' lang='lat' dir='ltr'><strong>JUELLI</strong></span> <span class='ocrx_word' id='word_1_3' title='bbox 948 115 1285 157; x_wconf 86' lang='lat' dir='ltr'><strong>APOLOGIA.</strong></span> 
     </span>
    </p>
   </div>
   <div class='ocr_carea' id='block_1_2' title="bbox 286 227 1690 2727">
    <p class='ocr_par' dir='ltr' id='par_1_2' title="bbox 286 227 1690 2727">
     <span class='ocr_line' id='line_1_2' title="bbox 286 227 1677 285; baseline 0.001 -16"><span class='ocrx_word' id='word_1_4' title='bbox 286 236 329 270; x_wconf 84' lang='lat' dir='ltr'>et</span> <span class='ocrx_word' id='word_1_5' title='bbox 353 227 572 269; x_wconf 89' lang='lat' dir='ltr'>colendum</span> <span class='ocrx_word' id='word_1_6' title='bbox 603 228 743 269; x_wconf 91' lang='lat' dir='ltr'>Deum</span> <span class='ocrx_word' id='word_1_7' title='bbox 772 227 990 270; x_wconf 86' lang='lat' dir='ltr'>ascendere</span> <span class='ocrx_word' id='word_1_8' title='bbox 1022 228 1380 285; x_wconf 86' lang='lat' dir='ltr'>Hierosolymam:</span> <span class='ocrx_word' id='word_1_9' title='bbox 1414 227 1477 268; x_wconf 85' lang='lat' dir='ltr'>Ita</span> <span class='ocrx_word' id='word_1_10' title='bbox 1505 243 1677 283; x_wconf 88' lang='lat' dir='ltr'>prorsus</span> 
     </span>
     <span class='ocr_line' id='line_1_3' title="bbox 287 295 1677 346; baseline 0.001 -9"><span class='ocrx_word' id='word_1_11' title='bbox 287 296 368 346; x_wconf 89' lang='lat' dir='ltr'>isti,</span> <span class='ocrx_word' id='word_1_12' title='bbox 389 311 484 338; x_wconf 90' lang='lat' dir='ltr'>cum</span> <span class='ocrx_word' id='word_1_13' title='bbox 506 295 629 337; x_wconf 88' lang='lat' dir='ltr'>semel</span> <span class='ocrx_word' id='word_1_14' title='bbox 654 295 923 336; x_wconf 80' lang='lat' dir='ltr'>traditionum</span> <span class='ocrx_word' id='word_1_15' title='bbox 953 312 1121 338; x_wconf 91' lang='lat' dir='ltr'>suarum</span> <span class='ocrx_word' id='word_1_16' title='bbox 1149 312 1272 338; x_wconf 90' lang='lat' dir='ltr'>causa</span> <span class='ocrx_word' id='word_1_17' title='bbox 1301 295 1458 337; x_wconf 87' lang='lat' dir='ltr'>irritam</span> <span class='ocrx_word' id='word_1_18' title='bbox 1487 295 1677 338; x_wconf 88' lang='lat' dir='ltr'>fecissent</span> 
     </span>
     <span class='ocr_line' id='line_1_4' title="bbox 287 363 1680 421; baseline -0.001 -16"><span class='ocrx_word' id='word_1_19' title='bbox 287 364 420 421; x_wconf 87' lang='lat' dir='ltr'>legem</span> <span class='ocrx_word' id='word_1_20' title='bbox 442 363 537 415; x_wconf 91' lang='lat' dir='ltr'>Dei,</span> <span class='ocrx_word' id='word_1_21' title='bbox 557 379 609 404; x_wconf 93' lang='lat' dir='ltr'>ne</span> <span class='ocrx_word' id='word_1_22' title='bbox 628 363 810 419; x_wconf 88' lang='lat' dir='ltr'>populus</span> <span class='ocrx_word' id='word_1_23' title='bbox 829 373 971 419; x_wconf 83' lang='lat' dir='ltr'>postea</span> <span class='ocrx_word' id='word_1_24' title='bbox 991 365 1131 406; x_wconf 91' lang='lat' dir='ltr'>oculos</span> <span class='ocrx_word' id='word_1_25' title='bbox 1151 365 1342 421; x_wconf 87' lang='lat' dir='ltr'>aperiret,</span> <span class='ocrx_word' id='word_1_26' title='bbox 1365 374 1405 406; x_wconf 90' lang='lat' dir='ltr'>et</span> <span class='ocrx_word' id='word_1_27' title='bbox 1426 363 1506 405; x_wconf 85' lang='lat' dir='ltr'>alio</span> <span class='ocrx_word' id='word_1_28' title='bbox 1525 363 1680 405; x_wconf 85' lang='lat' dir='ltr'>dilabe-</span> 
     </span>
     <span class='ocr_line' id='line_1_5' title="bbox 288 431 1680 489; baseline -0.001 -15"><span class='ocrx_word' id='word_1_29' title='bbox 288 442 417 483; x_wconf 83' lang='lat' dir='ltr'>retur,</span> <span class='ocrx_word' id='word_1_30' title='bbox 439 441 565 488; x_wconf 89' lang='lat' dir='ltr'>atque</span> <span class='ocrx_word' id='word_1_31' title='bbox 584 431 752 472; x_wconf 86' lang='lat' dir='ltr'>aliunde</span> <span class='ocrx_word' id='word_1_32' title='bbox 773 440 930 487; x_wconf 86' lang='lat' dir='ltr'>peteret</span> <span class='ocrx_word' id='word_1_33' title='bbox 950 433 1165 474; x_wconf 81' lang='lat' dir='ltr'>certiorem</span> <span class='ocrx_word' id='word_1_34' title='bbox 1185 433 1366 489; x_wconf 83' lang='lat' dir='ltr'>aliquam</span> <span class='ocrx_word' id='word_1_35' title='bbox 1388 432 1588 473; x_wconf 87' lang='lat' dir='ltr'>rationem</span> <span class='ocrx_word' id='word_1_36' title='bbox 1619 448 1680 473; x_wconf 89' lang='lat' dir='ltr'>sa-</span> 
     </span>
     <span class='ocr_line' id='line_1_6' title="bbox 288 499 1679 555; baseline -0.001 -13"><span class='ocrx_word' id='word_1_37' title='bbox 288 501 387 542; x_wconf 89' lang='lat' dir='ltr'>lutis</span> <span class='ocrx_word' id='word_1_38' title='bbox 408 516 519 541; x_wconf 90' lang='lat' dir='ltr'>suae:</span> <span class='ocrx_word' id='word_1_39' title='bbox 554 500 591 540; x_wconf 89' lang='lat' dir='ltr'>O</span> <span class='ocrx_word' id='word_1_40' title='bbox 613 499 775 555; x_wconf 87' lang='lat' dir='ltr'>quoties</span> <span class='ocrx_word' id='word_1_41' title='bbox 795 499 1072 541; x_wconf 84' lang='lat' dir='ltr'>acclamarunt</span> <span class='ocrx_word' id='word_1_42' title='bbox 1100 500 1212 541; x_wconf 91' lang='lat' dir='ltr'>hunc</span> <span class='ocrx_word' id='word_1_43' title='bbox 1240 516 1325 542; x_wconf 88' lang='lat' dir='ltr'>esse</span> <span class='ocrx_word' id='word_1_44' title='bbox 1355 500 1473 541; x_wconf 91' lang='lat' dir='ltr'>illum</span> <span class='ocrx_word' id='word_1_45' title='bbox 1504 499 1679 549; x_wconf 85' lang='lat' dir='ltr'>cultum,</span> 
     </span>
     <span class='ocr_line' id='line_1_7' title="bbox 290 567 1680 626; baseline -0.001 -16"><span class='ocrx_word' id='word_1_46' title='bbox 290 569 364 626; x_wconf 88' lang='lat' dir='ltr'>qui</span> <span class='ocrx_word' id='word_1_47' title='bbox 384 570 478 609; x_wconf 92' lang='lat' dir='ltr'>Deo</span> <span class='ocrx_word' id='word_1_48' title='bbox 494 567 671 624; x_wconf 86' lang='lat' dir='ltr'>placeat,</span> <span class='ocrx_word' id='word_1_49' title='bbox 694 582 902 623; x_wconf 85' lang='lat' dir='ltr'>quemque</span> <span class='ocrx_word' id='word_1_50' title='bbox 922 567 990 608; x_wconf 91' lang='lat' dir='ltr'>ille</span> <span class='ocrx_word' id='word_1_51' title='bbox 1011 584 1035 608; x_wconf 91' lang='lat' dir='ltr'>a</span> <span class='ocrx_word' id='word_1_52' title='bbox 1055 568 1172 610; x_wconf 89' lang='lat' dir='ltr'>nobis</span> <span class='ocrx_word' id='word_1_53' title='bbox 1193 568 1346 624; x_wconf 85' lang='lat' dir='ltr'>exigat,</span> <span class='ocrx_word' id='word_1_54' title='bbox 1364 583 1530 624; x_wconf 92' lang='lat' dir='ltr'>quoque</span> <span class='ocrx_word' id='word_1_55' title='bbox 1550 567 1680 608; x_wconf 85' lang='lat' dir='ltr'>iratus</span> 
     </span>
     <span class='ocr_line' id='line_1_8' title="bbox 291 634 1681 682; baseline -0.002 -4"><span class='ocrx_word' id='word_1_56' title='bbox 291 637 400 678; x_wconf 87' lang='lat' dir='ltr'>flecti</span> <span class='ocrx_word' id='word_1_57' title='bbox 418 635 536 677; x_wconf 84' lang='lat' dir='ltr'>velit!</span> <span class='ocrx_word' id='word_1_58' title='bbox 581 634 663 675; x_wconf 87' lang='lat' dir='ltr'>His</span> <span class='ocrx_word' id='word_1_59' title='bbox 692 634 816 676; x_wconf 90' lang='lat' dir='ltr'>rebus</span> <span class='ocrx_word' id='word_1_60' title='bbox 847 635 1044 676; x_wconf 83' lang='lat' dir='ltr'>Ecclesiae</span> <span class='ocrx_word' id='word_1_61' title='bbox 1074 650 1316 676; x_wconf 88' lang='lat' dir='ltr'>consensum</span> <span class='ocrx_word' id='word_1_62' title='bbox 1347 634 1572 682; x_wconf 86' lang='lat' dir='ltr'>contineri;</span> <span class='ocrx_word' id='word_1_63' title='bbox 1616 635 1681 675; x_wconf 89' lang='lat' dir='ltr'>his</span> 
     </span>
     <span class='ocr_line' id='line_1_9' title="bbox 291 702 1678 759; baseline -0.001 -14"><span class='ocrx_word' id='word_1_64' title='bbox 291 704 415 745; x_wconf 87' lang='lat' dir='ltr'>rebus</span> <span class='ocrx_word' id='word_1_65' title='bbox 445 703 582 744; x_wconf 91' lang='lat' dir='ltr'>omnia</span> <span class='ocrx_word' id='word_1_66' title='bbox 615 711 784 759; x_wconf 89' lang='lat' dir='ltr'>peccata</span> <span class='ocrx_word' id='word_1_67' title='bbox 818 702 990 758; x_wconf 86' lang='lat' dir='ltr'>expiari,</span> <span class='ocrx_word' id='word_1_68' title='bbox 1024 711 1065 744; x_wconf 93' lang='lat' dir='ltr'>et</span> <span class='ocrx_word' id='word_1_69' title='bbox 1096 703 1354 759; x_wconf 84' lang='lat' dir='ltr'>tranquillari</span> <span class='ocrx_word' id='word_1_70' title='bbox 1385 702 1678 750; x_wconf 77' lang='lat' dir='ltr'>conscientias3</span> 
     </span>
     <span class='ocr_line' id='line_1_10' title="bbox 292 771 1683 829; baseline -0.001 -15"><span class='ocrx_word' id='word_1_71' title='bbox 292 772 366 829; x_wconf 91' lang='lat' dir='ltr'>qui</span> <span class='ocrx_word' id='word_1_72' title='bbox 386 771 613 814; x_wconf 89' lang='lat' dir='ltr'>discesserit</span> <span class='ocrx_word' id='word_1_73' title='bbox 632 771 685 812; x_wconf 89' lang='lat' dir='ltr'>ab</span> <span class='ocrx_word' id='word_1_74' title='bbox 706 771 783 822; x_wconf 90' lang='lat' dir='ltr'>his,</span> <span class='ocrx_word' id='word_1_75' title='bbox 805 787 898 812; x_wconf 89' lang='lat' dir='ltr'>eum</span> <span class='ocrx_word' id='word_1_76' title='bbox 921 772 996 813; x_wconf 89' lang='lat' dir='ltr'>sibi</span> <span class='ocrx_word' id='word_1_77' title='bbox 1022 772 1124 813; x_wconf 89' lang='lat' dir='ltr'>nihil</span> <span class='ocrx_word' id='word_1_78' title='bbox 1152 772 1237 828; x_wconf 87' lang='lat' dir='ltr'>spei</span> <span class='ocrx_word' id='word_1_79' title='bbox 1267 772 1321 813; x_wconf 90' lang='lat' dir='ltr'>ad</span> <span class='ocrx_word' id='word_1_80' title='bbox 1350 781 1545 814; x_wconf 89' lang='lat' dir='ltr'>aeternam</span> <span class='ocrx_word' id='word_1_81' title='bbox 1577 771 1683 813; x_wconf 88' lang='lat' dir='ltr'>salu-</span> 
     </span>
     <span class='ocr_line' id='line_1_11' title="bbox 294 839 1684 896; baseline -0.001 -15"><span class='ocrx_word' id='word_1_82' title='bbox 294 849 377 881; x_wconf 90' lang='lat' dir='ltr'>tem</span> <span class='ocrx_word' id='word_1_83' title='bbox 398 839 629 895; x_wconf 81' lang='lat' dir='ltr'>reliquisse!</span> <span class='ocrx_word' id='word_1_84' title='bbox 666 839 806 880; x_wconf 86' lang='lat' dir='ltr'>Grave</span> <span class='ocrx_word' id='word_1_85' title='bbox 836 848 973 880; x_wconf 88' lang='lat' dir='ltr'>autem</span> <span class='ocrx_word' id='word_1_86' title='bbox 1005 855 1051 880; x_wconf 91' lang='lat' dir='ltr'>ac</span> <span class='ocrx_word' id='word_1_87' title='bbox 1081 839 1300 880; x_wconf 82' lang='lat' dir='ltr'>molestum</span> <span class='ocrx_word' id='word_1_88' title='bbox 1329 839 1486 896; x_wconf 86' lang='lat' dir='ltr'>populo</span> <span class='ocrx_word' id='word_1_89' title='bbox 1516 855 1600 880; x_wconf 85' lang='lat' dir='ltr'>esse</span> <span class='ocrx_word' id='word_1_90' title='bbox 1630 839 1684 880; x_wconf 85' lang='lat' dir='ltr'>ad</span> 
     </span>
     <span class='ocr_line' id='line_1_12' title="bbox 295 907 1684 964; baseline -0.001 -15"><span class='ocrx_word' id='word_1_91' title='bbox 295 908 524 959; x_wconf 80' lang='lat' dir='ltr'>Christum,</span> <span class='ocrx_word' id='word_1_92' title='bbox 546 907 598 948; x_wconf 92' lang='lat' dir='ltr'>ad</span> <span class='ocrx_word' id='word_1_93' title='bbox 629 907 868 963; x_wconf 85' lang='lat' dir='ltr'>Apostolos,</span> <span class='ocrx_word' id='word_1_94' title='bbox 890 907 940 948; x_wconf 92' lang='lat' dir='ltr'>ad</span> <span class='ocrx_word' id='word_1_95' title='bbox 964 917 1120 948; x_wconf 89' lang='lat' dir='ltr'>veteres</span> <span class='ocrx_word' id='word_1_96' title='bbox 1152 909 1296 948; x_wconf 86' lang='lat' dir='ltr'>Patres</span> <span class='ocrx_word' id='word_1_97' title='bbox 1326 908 1540 964; x_wconf 85' lang='lat' dir='ltr'>respicere,</span> <span class='ocrx_word' id='word_1_98' title='bbox 1562 908 1684 963; x_wconf 84' lang='lat' dir='ltr'>quid-</span> 
     </span>
     <span class='ocr_line' id='line_1_13' title="bbox 293 975 1684 1032; baseline -0.001 -15"><span class='ocrx_word' id='word_1_99' title='bbox 293 992 376 1032; x_wconf 90' lang='lat' dir='ltr'>que</span> <span class='ocrx_word' id='word_1_100' title='bbox 395 975 454 1016; x_wconf 90' lang='lat' dir='ltr'>illi</span> <span class='ocrx_word' id='word_1_101' title='bbox 474 975 602 1018; x_wconf 89' lang='lat' dir='ltr'>velint</span> <span class='ocrx_word' id='word_1_102' title='bbox 621 985 694 1017; x_wconf 87' lang='lat' dir='ltr'>aut</span> <span class='ocrx_word' id='word_1_103' title='bbox 708 976 886 1031; x_wconf 83' lang='lat' dir='ltr'>jubeant</span> <span class='ocrx_word' id='word_1_104' title='bbox 913 986 1115 1032; x_wconf 87' lang='lat' dir='ltr'>perpetuo</span> <span class='ocrx_word' id='word_1_105' title='bbox 1144 976 1375 1017; x_wconf 91' lang='lat' dir='ltr'>attendere!</span> <span class='ocrx_word' id='word_1_106' title='bbox 1410 977 1521 1027; x_wconf 91' lang='lat' dir='ltr'>Hoc,</span> <span class='ocrx_word' id='word_1_107' title='bbox 1544 976 1684 1017; x_wconf 86' lang='lat' dir='ltr'>videli-</span> 
     </span>
     <span class='ocr_line' id='line_1_14' title="bbox 293 1044 1684 1101; baseline -0.001 -16"><span class='ocrx_word' id='word_1_108' title='bbox 293 1053 372 1095; x_wconf 84' lang='lat' dir='ltr'>cet,</span> <span class='ocrx_word' id='word_1_109' title='bbox 403 1053 464 1085; x_wconf 90' lang='lat' dir='ltr'>est</span> <span class='ocrx_word' id='word_1_110' title='bbox 493 1044 697 1101; x_wconf 88' lang='lat' dir='ltr'>populum</span> <span class='ocrx_word' id='word_1_111' title='bbox 728 1044 809 1084; x_wconf 91' lang='lat' dir='ltr'>Dei</span> <span class='ocrx_word' id='word_1_112' title='bbox 839 1044 892 1085; x_wconf 86' lang='lat' dir='ltr'>ab</span> <span class='ocrx_word' id='word_1_113' title='bbox 922 1044 1092 1085; x_wconf 87' lang='lat' dir='ltr'>infirmis</span> <span class='ocrx_word' id='word_1_114' title='bbox 1123 1044 1268 1085; x_wconf 89' lang='lat' dir='ltr'>mundi</span> <span class='ocrx_word' id='word_1_115' title='bbox 1298 1044 1522 1094; x_wconf 87' lang='lat' dir='ltr'>elementis,</span> <span class='ocrx_word' id='word_1_116' title='bbox 1551 1060 1576 1085; x_wconf 93' lang='lat' dir='ltr'>a</span> <span class='ocrx_word' id='word_1_117' title='bbox 1604 1044 1684 1085; x_wconf 88' lang='lat' dir='ltr'>fer-</span> 
     </span>
     <span class='ocr_line' id='line_1_15' title="bbox 294 1112 1685 1163; baseline 0 -10"><span class='ocrx_word' id='word_1_118' title='bbox 294 1120 434 1153; x_wconf 86' lang='lat' dir='ltr'>mento</span> <span class='ocrx_word' id='word_1_119' title='bbox 457 1112 692 1153; x_wconf 89' lang='lat' dir='ltr'>Scribarum</span> <span class='ocrx_word' id='word_1_120' title='bbox 714 1121 755 1153; x_wconf 88' lang='lat' dir='ltr'>et</span> <span class='ocrx_word' id='word_1_121' title='bbox 784 1112 1104 1163; x_wconf 78' lang='lat' dir='ltr'>Pharisaeorum,</span> <span class='ocrx_word' id='word_1_122' title='bbox 1127 1121 1167 1154; x_wconf 88' lang='lat' dir='ltr'>et</span> <span class='ocrx_word' id='word_1_123' title='bbox 1197 1113 1249 1153; x_wconf 90' lang='lat' dir='ltr'>ab</span> <span class='ocrx_word' id='word_1_124' title='bbox 1279 1112 1471 1153; x_wconf 88' lang='lat' dir='ltr'>humanis</span> <span class='ocrx_word' id='word_1_125' title='bbox 1501 1112 1685 1154; x_wconf 88' lang='lat' dir='ltr'>traditio-</span> 
     </span>
     <span class='ocr_line' id='line_1_16' title="bbox 295 1179 1686 1237; baseline 0.001 -17"><span class='ocrx_word' id='word_1_126' title='bbox 295 1180 418 1221; x_wconf 85' lang='lat' dir='ltr'>nibus</span> <span class='ocrx_word' id='word_1_127' title='bbox 438 1180 669 1221; x_wconf 85' lang='lat' dir='ltr'>abducere?</span> <span class='ocrx_word' id='word_1_128' title='bbox 704 1179 873 1230; x_wconf 82' lang='lat' dir='ltr'>Christi,</span> <span class='ocrx_word' id='word_1_129' title='bbox 896 1189 1021 1236; x_wconf 87' lang='lat' dir='ltr'>atque</span> <span class='ocrx_word' id='word_1_130' title='bbox 1041 1181 1341 1236; x_wconf 88' lang='lat' dir='ltr'>Apostolorum</span> <span class='ocrx_word' id='word_1_131' title='bbox 1357 1181 1473 1237; x_wconf 88' lang='lat' dir='ltr'>jussa</span> <span class='ocrx_word' id='word_1_132' title='bbox 1492 1180 1581 1221; x_wconf 89' lang='lat' dir='ltr'>loco</span> <span class='ocrx_word' id='word_1_133' title='bbox 1601 1195 1686 1221; x_wconf 91' lang='lat' dir='ltr'>mo-</span> 
     </span>
     <span class='ocr_line' id='line_1_17' title="bbox 294 1247 1684 1305; baseline 0 -17"><span class='ocrx_word' id='word_1_134' title='bbox 294 1247 381 1288; x_wconf 91' lang='lat' dir='ltr'>veri</span> <span class='ocrx_word' id='word_1_135' title='bbox 411 1248 610 1304; x_wconf 89' lang='lat' dir='ltr'>oportuit,</span> <span class='ocrx_word' id='word_1_136' title='bbox 638 1258 686 1289; x_wconf 89' lang='lat' dir='ltr'>ut</span> <span class='ocrx_word' id='word_1_137' title='bbox 718 1248 795 1290; x_wconf 86' lang='lat' dir='ltr'>ista</span> <span class='ocrx_word' id='word_1_138' title='bbox 821 1248 1111 1289; x_wconf 84' lang='lat' dir='ltr'>succederent?</span> <span class='ocrx_word' id='word_1_139' title='bbox 1155 1250 1191 1290; x_wconf 93' lang='lat' dir='ltr'>O</span> <span class='ocrx_word' id='word_1_140' title='bbox 1218 1249 1376 1305; x_wconf 81' lang='lat' dir='ltr'>justam</span> <span class='ocrx_word' id='word_1_141' title='bbox 1403 1264 1583 1298; x_wconf 89' lang='lat' dir='ltr'>causam,</span> <span class='ocrx_word' id='word_1_142' title='bbox 1610 1263 1684 1289; x_wconf 90' lang='lat' dir='ltr'>cur</span> 
     </span>
     <span class='ocr_line' id='line_1_18' title="bbox 294 1315 1685 1373; baseline -0.001 -16"><span class='ocrx_word' id='word_1_143' title='bbox 294 1325 414 1357; x_wconf 89' lang='lat' dir='ltr'>vetus</span> <span class='ocrx_word' id='word_1_144' title='bbox 435 1325 476 1357; x_wconf 92' lang='lat' dir='ltr'>et</span> <span class='ocrx_word' id='word_1_145' title='bbox 496 1316 637 1357; x_wconf 81' lang='lat' dir='ltr'>multis</span> <span class='ocrx_word' id='word_1_146' title='bbox 658 1316 803 1357; x_wconf 87' lang='lat' dir='ltr'>seculis</span> <span class='ocrx_word' id='word_1_147' title='bbox 830 1317 1004 1372; x_wconf 90' lang='lat' dir='ltr'>probata</span> <span class='ocrx_word' id='word_1_148' title='bbox 1033 1316 1220 1358; x_wconf 89' lang='lat' dir='ltr'>doctrina</span> <span class='ocrx_word' id='word_1_149' title='bbox 1249 1317 1550 1373; x_wconf 87' lang='lat' dir='ltr'>antiquaretur,</span> <span class='ocrx_word' id='word_1_150' title='bbox 1572 1324 1613 1357; x_wconf 91' lang='lat' dir='ltr'>et</span> <span class='ocrx_word' id='word_1_151' title='bbox 1642 1315 1685 1356; x_wconf 90' lang='lat' dir='ltr'>in</span> 
     </span>
     <span class='ocr_line' id='line_1_19' title="bbox 294 1384 1685 1441; baseline -0.001 -16"><span class='ocrx_word' id='word_1_152' title='bbox 294 1384 522 1425; x_wconf 82' lang='lat' dir='ltr'>Ecclesiam</span> <span class='ocrx_word' id='word_1_153' title='bbox 553 1384 634 1425; x_wconf 84' lang='lat' dir='ltr'>Dei</span> <span class='ocrx_word' id='word_1_154' title='bbox 661 1400 768 1425; x_wconf 87' lang='lat' dir='ltr'>nova</span> <span class='ocrx_word' id='word_1_155' title='bbox 797 1384 931 1425; x_wconf 89' lang='lat' dir='ltr'>forma</span> <span class='ocrx_word' id='word_1_156' title='bbox 959 1384 1165 1441; x_wconf 83' lang='lat' dir='ltr'>religionis</span> <span class='ocrx_word' id='word_1_157' title='bbox 1195 1384 1476 1426; x_wconf 81' lang='lat' dir='ltr'>inveheretur!</span> <span class='ocrx_word' id='word_1_158' title='bbox 1522 1386 1685 1425; x_wconf 86' lang='lat' dir='ltr'>Tamen</span> 
     </span>
     <span class='ocr_line' id='line_1_20' title="bbox 295 1452 1685 1509; baseline 0 -16"><span class='ocrx_word' id='word_1_159' title='bbox 295 1452 503 1508; x_wconf 89' lang='lat' dir='ltr'>quidquid</span> <span class='ocrx_word' id='word_1_160' title='bbox 523 1463 597 1503; x_wconf 86' lang='lat' dir='ltr'>est,</span> <span class='ocrx_word' id='word_1_161' title='bbox 618 1452 795 1493; x_wconf 91' lang='lat' dir='ltr'>clamant</span> <span class='ocrx_word' id='word_1_162' title='bbox 814 1452 894 1502; x_wconf 89' lang='lat' dir='ltr'>isti,</span> <span class='ocrx_word' id='word_1_163' title='bbox 913 1452 1014 1493; x_wconf 91' lang='lat' dir='ltr'>nihil</span> <span class='ocrx_word' id='word_1_164' title='bbox 1035 1462 1223 1509; x_wconf 85' lang='lat' dir='ltr'>oportere</span> <span class='ocrx_word' id='word_1_165' title='bbox 1244 1453 1467 1503; x_wconf 88' lang='lat' dir='ltr'>immutari,</span> <span class='ocrx_word' id='word_1_166' title='bbox 1483 1454 1546 1494; x_wconf 77' lang='lat' dir='ltr'>his</span> <span class='ocrx_word' id='word_1_167' title='bbox 1562 1453 1685 1494; x_wconf 90' lang='lat' dir='ltr'>rebus</span> 
     </span>
     <span class='ocr_line' id='line_1_21' title="bbox 296 1520 1687 1562; baseline 0 0"><span class='ocrx_word' id='word_1_168' title='bbox 296 1521 511 1562; x_wconf 90' lang='lat' dir='ltr'>hominum</span> <span class='ocrx_word' id='word_1_169' title='bbox 532 1520 678 1561; x_wconf 90' lang='lat' dir='ltr'>animis</span> <span class='ocrx_word' id='word_1_170' title='bbox 699 1520 906 1561; x_wconf 84' lang='lat' dir='ltr'>satisfieri:</span> <span class='ocrx_word' id='word_1_171' title='bbox 941 1522 1172 1561; x_wconf 85' lang='lat' dir='ltr'>Romanam</span> <span class='ocrx_word' id='word_1_172' title='bbox 1194 1521 1419 1562; x_wconf 87' lang='lat' dir='ltr'>Ecclesiam</span> <span class='ocrx_word' id='word_1_173' title='bbox 1446 1521 1523 1562; x_wconf 89' lang='lat' dir='ltr'>ista</span> <span class='ocrx_word' id='word_1_174' title='bbox 1550 1521 1687 1562; x_wconf 91' lang='lat' dir='ltr'>decre-</span> 
     </span>
     <span class='ocr_line' id='line_1_22' title="bbox 295 1589 1684 1646; baseline 0 -16"><span class='ocrx_word' id='word_1_175' title='bbox 295 1589 414 1639; x_wconf 88' lang='lat' dir='ltr'>visse,</span> <span class='ocrx_word' id='word_1_176' title='bbox 443 1604 533 1630; x_wconf 92' lang='lat' dir='ltr'>eam</span> <span class='ocrx_word' id='word_1_177' title='bbox 560 1604 695 1629; x_wconf 89' lang='lat' dir='ltr'>errare</span> <span class='ocrx_word' id='word_1_178' title='bbox 725 1604 806 1630; x_wconf 90' lang='lat' dir='ltr'>non</span> <span class='ocrx_word' id='word_1_179' title='bbox 837 1604 966 1645; x_wconf 85' lang='lat' dir='ltr'>posse.</span> <span class='ocrx_word' id='word_1_180' title='bbox 1030 1589 1237 1646; x_wconf 86' lang='lat' dir='ltr'>Sylvester</span> <span class='ocrx_word' id='word_1_181' title='bbox 1267 1589 1374 1630; x_wconf 85' lang='lat' dir='ltr'>enim</span> <span class='ocrx_word' id='word_1_182' title='bbox 1408 1589 1584 1630; x_wconf 88' lang='lat' dir='ltr'>Prierias</span> <span class='ocrx_word' id='word_1_183' title='bbox 1614 1589 1684 1640; x_wconf 88' lang='lat' dir='ltr'>ait,</span> 
     </span>
     <span class='ocr_line' id='line_1_23' title="bbox 297 1657 1688 1713; baseline 0.001 -15"><span class='ocrx_word' id='word_1_184' title='bbox 297 1657 522 1699; x_wconf 91' lang='lat' dir='ltr'>Ecclesiam</span> <span class='ocrx_word' id='word_1_185' title='bbox 545 1658 776 1697; x_wconf 88' lang='lat' dir='ltr'>Romanam</span> <span class='ocrx_word' id='word_1_186' title='bbox 798 1673 884 1698; x_wconf 89' lang='lat' dir='ltr'>esse</span> <span class='ocrx_word' id='word_1_187' title='bbox 904 1672 1089 1698; x_wconf 90' lang='lat' dir='ltr'>normam</span> <span class='ocrx_word' id='word_1_188' title='bbox 1111 1666 1152 1698; x_wconf 86' lang='lat' dir='ltr'>et</span> <span class='ocrx_word' id='word_1_189' title='bbox 1175 1658 1360 1713; x_wconf 85' lang='lat' dir='ltr'>regulam</span> <span class='ocrx_word' id='word_1_190' title='bbox 1381 1658 1592 1706; x_wconf 76' lang='lat' dir='ltr'>veritatis3</span> <span class='ocrx_word' id='word_1_191' title='bbox 1626 1674 1688 1699; x_wconf 50' lang='lat' dir='ltr'>saf-</span> 
     </span>
     <span class='ocr_line' id='line_1_24' title="bbox 297 1724 1684 1782; baseline 0 -16"><span class='ocrx_word' id='word_1_192' title='bbox 297 1741 387 1766; x_wconf 88' lang='lat' dir='ltr'>cras</span> <span class='ocrx_word' id='word_1_193' title='bbox 416 1725 649 1780; x_wconf 84' lang='lat' dir='ltr'>Scripturas</span> <span class='ocrx_word' id='word_1_194' title='bbox 685 1725 737 1765; x_wconf 89' lang='lat' dir='ltr'>ab</span> <span class='ocrx_word' id='word_1_195' title='bbox 772 1724 842 1765; x_wconf 86' lang='lat' dir='ltr'>illa</span> <span class='ocrx_word' id='word_1_196' title='bbox 875 1734 916 1765; x_wconf 91' lang='lat' dir='ltr'>et</span> <span class='ocrx_word' id='word_1_197' title='bbox 950 1725 1235 1766; x_wconf 89' lang='lat' dir='ltr'>auctoritatem</span> <span class='ocrx_word' id='word_1_198' title='bbox 1267 1735 1307 1766; x_wconf 87' lang='lat' dir='ltr'>et</span> <span class='ocrx_word' id='word_1_199' title='bbox 1336 1726 1461 1766; x_wconf 87' lang='lat' dir='ltr'>fidem</span> <span class='ocrx_word' id='word_1_200' title='bbox 1491 1725 1684 1782; x_wconf 91' lang='lat' dir='ltr'>accipere.</span> 
     </span>
     <span class='ocr_line' id='line_1_25' title="bbox 299 1791 1688 1848; baseline -0.001 -15"><span class='ocrx_word' id='word_1_201' title='bbox 299 1791 514 1841; x_wconf 90' lang='lat' dir='ltr'>Doctrina,</span> <span class='ocrx_word' id='word_1_202' title='bbox 534 1791 684 1847; x_wconf 91' lang='lat' dir='ltr'>inquit,</span> <span class='ocrx_word' id='word_1_203' title='bbox 708 1793 909 1832; x_wconf 89' lang='lat' dir='ltr'>Romanae</span> <span class='ocrx_word' id='word_1_204' title='bbox 930 1791 1126 1832; x_wconf 76' lang='lat' dir='ltr'>Ecclesiae</span> <span class='ocrx_word' id='word_1_205' title='bbox 1146 1801 1206 1833; x_wconf 85' lang='lat' dir='ltr'>est</span> <span class='ocrx_word' id='word_1_206' title='bbox 1224 1792 1370 1848; x_wconf 83' lang='lat' dir='ltr'>regula</span> <span class='ocrx_word' id='word_1_207' title='bbox 1390 1792 1509 1833; x_wconf 89' lang='lat' dir='ltr'>Fidei</span> <span class='ocrx_word' id='word_1_208' title='bbox 1538 1792 1688 1833; x_wconf 84' lang='lat' dir='ltr'>infalli-</span> 
     </span>
     <span class='ocr_line' id='line_1_26' title="bbox 297 1858 1685 1915; baseline 0.001 -15"><span class='ocrx_word' id='word_1_209' title='bbox 297 1859 404 1910; x_wconf 88' lang='lat' dir='ltr'>bilis,</span> <span class='ocrx_word' id='word_1_210' title='bbox 427 1875 451 1900; x_wconf 93' lang='lat' dir='ltr'>a</span> <span class='ocrx_word' id='word_1_211' title='bbox 470 1874 555 1915; x_wconf 89' lang='lat' dir='ltr'>qua</span> <span class='ocrx_word' id='word_1_212' title='bbox 575 1874 688 1900; x_wconf 88' lang='lat' dir='ltr'>sacra</span> <span class='ocrx_word' id='word_1_213' title='bbox 709 1858 923 1915; x_wconf 87' lang='lat' dir='ltr'>Scriptura</span> <span class='ocrx_word' id='word_1_214' title='bbox 943 1859 1071 1899; x_wconf 86' lang='lat' dir='ltr'>robur</span> <span class='ocrx_word' id='word_1_215' title='bbox 1091 1859 1249 1915; x_wconf 85' lang='lat' dir='ltr'>accipit.</span> <span class='ocrx_word' id='word_1_216' title='bbox 1309 1861 1370 1900; x_wconf 88' lang='lat' dir='ltr'>Et</span> <span class='ocrx_word' id='word_1_217' title='bbox 1399 1859 1685 1915; x_wconf 64' lang='lat' dir='ltr'>indulgentiae,</span> 
     </span>
     <span class='ocr_line' id='line_1_27' title="bbox 298 1926 1690 1983; baseline 0.001 -16"><span class='ocrx_word' id='word_1_218' title='bbox 298 1927 448 1983; x_wconf 90' lang='lat' dir='ltr'>inquit,</span> <span class='ocrx_word' id='word_1_219' title='bbox 470 1926 713 1968; x_wconf 85' lang='lat' dir='ltr'>auctoritate</span> <span class='ocrx_word' id='word_1_220' title='bbox 736 1927 961 1982; x_wconf 87' lang='lat' dir='ltr'>Scripturae</span> <span class='ocrx_word' id='word_1_221' title='bbox 982 1942 1065 1967; x_wconf 92' lang='lat' dir='ltr'>non</span> <span class='ocrx_word' id='word_1_222' title='bbox 1083 1927 1353 1968; x_wconf 88' lang='lat' dir='ltr'>innotuerunt</span> <span class='ocrx_word' id='word_1_223' title='bbox 1374 1927 1504 1977; x_wconf 88' lang='lat' dir='ltr'>nobis,</span> <span class='ocrx_word' id='word_1_224' title='bbox 1529 1928 1600 1968; x_wconf 91' lang='lat' dir='ltr'>sed</span> <span class='ocrx_word' id='word_1_225' title='bbox 1628 1928 1690 1968; x_wconf 90' lang='lat' dir='ltr'>in-</span> 
     </span>
     <span class='ocr_line' id='line_1_28' title="bbox 300 1994 1688 2051; baseline 0 -16"><span class='ocrx_word' id='word_1_226' title='bbox 300 2004 526 2035; x_wconf 87' lang='lat' dir='ltr'>notuerunt</span> <span class='ocrx_word' id='word_1_227' title='bbox 560 1994 803 2036; x_wconf 83' lang='lat' dir='ltr'>auctoritate</span> <span class='ocrx_word' id='word_1_228' title='bbox 839 1996 1041 2035; x_wconf 75' lang='lat' dir='ltr'>Romanae</span> <span class='ocrx_word' id='word_1_229' title='bbox 1078 1994 1288 2042; x_wconf 77' lang='lat' dir='ltr'>Ecclesiae,</span> <span class='ocrx_word' id='word_1_230' title='bbox 1318 1996 1688 2051; x_wconf 88' lang='lat' dir='ltr'>Romanorumque</span> 
     </span>
     <span class='ocr_line' id='line_1_29' title="bbox 302 2062 1689 2119; baseline 0.001 -16"><span class='ocrx_word' id='word_1_231' title='bbox 302 2062 566 2113; x_wconf 87' lang='lat' dir='ltr'>Pontificum,</span> <span class='ocrx_word' id='word_1_232' title='bbox 589 2078 684 2118; x_wconf 86' lang='lat' dir='ltr'>quae</span> <span class='ocrx_word' id='word_1_233' title='bbox 705 2063 835 2119; x_wconf 84' lang='lat' dir='ltr'>major</span> <span class='ocrx_word' id='word_1_234' title='bbox 854 2072 925 2104; x_wconf 87' lang='lat' dir='ltr'>est.</span> <span class='ocrx_word' id='word_1_235' title='bbox 989 2062 1163 2119; x_wconf 86' lang='lat' dir='ltr'>Pighius</span> <span class='ocrx_word' id='word_1_236' title='bbox 1183 2063 1305 2103; x_wconf 88' lang='lat' dir='ltr'>etiam</span> <span class='ocrx_word' id='word_1_237' title='bbox 1328 2078 1408 2103; x_wconf 91' lang='lat' dir='ltr'>non</span> <span class='ocrx_word' id='word_1_238' title='bbox 1435 2063 1600 2104; x_wconf 88' lang='lat' dir='ltr'>dubitat</span> <span class='ocrx_word' id='word_1_239' title='bbox 1628 2063 1689 2104; x_wconf 90' lang='lat' dir='ltr'>di-</span> 
     </span>
     <span class='ocr_line' id='line_1_30' title="bbox 299 2130 1689 2187; baseline 0 -16"><span class='ocrx_word' id='word_1_240' title='bbox 299 2147 403 2181; x_wconf 86' lang='lat' dir='ltr'>cere,</span> <span class='ocrx_word' id='word_1_241' title='bbox 425 2131 585 2186; x_wconf 84' lang='lat' dir='ltr'>injussu</span> <span class='ocrx_word' id='word_1_242' title='bbox 607 2132 809 2172; x_wconf 87' lang='lat' dir='ltr'>Romanae</span> <span class='ocrx_word' id='word_1_243' title='bbox 826 2130 1035 2180; x_wconf 76' lang='lat' dir='ltr'>Ecclesiae,</span> <span class='ocrx_word' id='word_1_244' title='bbox 1050 2146 1101 2171; x_wconf 91' lang='lat' dir='ltr'>ne</span> <span class='ocrx_word' id='word_1_245' title='bbox 1117 2130 1349 2171; x_wconf 82' lang='lat' dir='ltr'>clarissimae</span> <span class='ocrx_word' id='word_1_246' title='bbox 1365 2130 1534 2186; x_wconf 89' lang='lat' dir='ltr'>quidem</span> <span class='ocrx_word' id='word_1_247' title='bbox 1553 2131 1689 2187; x_wconf 86' lang='lat' dir='ltr'>Scrip-</span> 
     </span>
     <span class='ocr_line' id='line_1_31' title="bbox 301 2198 1690 2255; baseline 0.001 -16"><span class='ocrx_word' id='word_1_248' title='bbox 301 2207 406 2240; x_wconf 86' lang='lat' dir='ltr'>turae</span> <span class='ocrx_word' id='word_1_249' title='bbox 433 2198 686 2239; x_wconf 89' lang='lat' dir='ltr'>credendum</span> <span class='ocrx_word' id='word_1_250' title='bbox 715 2214 811 2239; x_wconf 88' lang='lat' dir='ltr'>esse.</span> <span class='ocrx_word' id='word_1_251' title='bbox 874 2200 1064 2248; x_wconf 87' lang='lat' dir='ltr'>Prorsus,</span> <span class='ocrx_word' id='word_1_252' title='bbox 1087 2207 1133 2239; x_wconf 91' lang='lat' dir='ltr'>ut</span> <span class='ocrx_word' id='word_1_253' title='bbox 1164 2198 1291 2254; x_wconf 89' lang='lat' dir='ltr'>siquis</span> <span class='ocrx_word' id='word_1_254' title='bbox 1320 2198 1507 2249; x_wconf 88' lang='lat' dir='ltr'>istorum,</span> <span class='ocrx_word' id='word_1_255' title='bbox 1530 2199 1603 2255; x_wconf 86' lang='lat' dir='ltr'>qui</span> <span class='ocrx_word' id='word_1_256' title='bbox 1632 2199 1690 2240; x_wconf 87' lang='lat' dir='ltr'>la-</span> 
     </span>
     <span class='ocr_line' id='line_1_32' title="bbox 302 2266 1689 2323; baseline 0.001 -16"><span class='ocrx_word' id='word_1_257' title='bbox 302 2267 385 2308; x_wconf 86' lang='lat' dir='ltr'>tine</span> <span class='ocrx_word' id='word_1_258' title='bbox 406 2276 513 2307; x_wconf 91' lang='lat' dir='ltr'>recte</span> <span class='ocrx_word' id='word_1_259' title='bbox 533 2282 580 2307; x_wconf 94' lang='lat' dir='ltr'>ac</span> <span class='ocrx_word' id='word_1_260' title='bbox 601 2282 703 2322; x_wconf 92' lang='lat' dir='ltr'>pure</span> <span class='ocrx_word' id='word_1_261' title='bbox 722 2266 837 2322; x_wconf 92' lang='lat' dir='ltr'>loqui</span> <span class='ocrx_word' id='word_1_262' title='bbox 859 2282 941 2308; x_wconf 91' lang='lat' dir='ltr'>non</span> <span class='ocrx_word' id='word_1_263' title='bbox 961 2266 1102 2323; x_wconf 88' lang='lat' dir='ltr'>possit,</span> <span class='ocrx_word' id='word_1_264' title='bbox 1125 2266 1281 2322; x_wconf 89' lang='lat' dir='ltr'>aliquid</span> <span class='ocrx_word' id='word_1_265' title='bbox 1307 2278 1444 2308; x_wconf 84' lang='lat' dir='ltr'>tamen</span> <span class='ocrx_word' id='word_1_266' title='bbox 1470 2268 1512 2308; x_wconf 90' lang='lat' dir='ltr'>in</span> <span class='ocrx_word' id='word_1_267' title='bbox 1541 2283 1588 2308; x_wconf 86' lang='lat' dir='ltr'>ea</span> <span class='ocrx_word' id='word_1_268' title='bbox 1613 2267 1689 2308; x_wconf 87' lang='lat' dir='ltr'>lin-</span> 
     </span>
     <span class='ocr_line' id='line_1_33' title="bbox 301 2334 1686 2391; baseline 0.001 -16"><span class='ocrx_word' id='word_1_269' title='bbox 301 2350 386 2391; x_wconf 87' lang='lat' dir='ltr'>gua</span> <span class='ocrx_word' id='word_1_270' title='bbox 405 2349 481 2390; x_wconf 85' lang='lat' dir='ltr'>pro</span> <span class='ocrx_word' id='word_1_271' title='bbox 500 2334 650 2375; x_wconf 89' lang='lat' dir='ltr'>forensi</span> <span class='ocrx_word' id='word_1_272' title='bbox 671 2334 968 2375; x_wconf 87' lang='lat' dir='ltr'>consuetudine</span> <span class='ocrx_word' id='word_1_273' title='bbox 987 2334 1172 2375; x_wconf 88' lang='lat' dir='ltr'>celeriter</span> <span class='ocrx_word' id='word_1_274' title='bbox 1192 2344 1233 2375; x_wconf 88' lang='lat' dir='ltr'>et</span> <span class='ocrx_word' id='word_1_275' title='bbox 1253 2335 1444 2390; x_wconf 85' lang='lat' dir='ltr'>expedite</span> <span class='ocrx_word' id='word_1_276' title='bbox 1468 2335 1686 2386; x_wconf 87' lang='lat' dir='ltr'>balbutiat,</span> 
     </span>
     <span class='ocr_line' id='line_1_34' title="bbox 302 2401 1690 2452; baseline 0.001 -9"><span class='ocrx_word' id='word_1_277' title='bbox 302 2402 470 2443; x_wconf 89' lang='lat' dir='ltr'>omnino</span> <span class='ocrx_word' id='word_1_278' title='bbox 489 2402 612 2452; x_wconf 86' lang='lat' dir='ltr'>dicat,</span> <span class='ocrx_word' id='word_1_279' title='bbox 633 2401 687 2442; x_wconf 89' lang='lat' dir='ltr'>ad</span> <span class='ocrx_word' id='word_1_280' title='bbox 707 2417 802 2443; x_wconf 90' lang='lat' dir='ltr'>eum</span> <span class='ocrx_word' id='word_1_281' title='bbox 824 2417 934 2444; x_wconf 92' lang='lat' dir='ltr'>nunc</span> <span class='ocrx_word' id='word_1_282' title='bbox 954 2402 1125 2442; x_wconf 90' lang='lat' dir='ltr'>modum</span> <span class='ocrx_word' id='word_1_283' title='bbox 1149 2402 1237 2443; x_wconf 88' lang='lat' dir='ltr'>aliis</span> <span class='ocrx_word' id='word_1_284' title='bbox 1265 2404 1387 2443; x_wconf 90' lang='lat' dir='ltr'>etiam</span> <span class='ocrx_word' id='word_1_285' title='bbox 1414 2403 1605 2444; x_wconf 84' lang='lat' dir='ltr'>omnibus</span> <span class='ocrx_word' id='word_1_286' title='bbox 1632 2403 1690 2444; x_wconf 91' lang='lat' dir='ltr'>lo-</span> 
     </span>
     <span class='ocr_line' id='line_1_35' title="bbox 303 2470 1690 2526; baseline 0.001 -16"><span class='ocrx_word' id='word_1_287' title='bbox 303 2470 511 2525; x_wconf 85' lang='lat' dir='ltr'>quendam</span> <span class='ocrx_word' id='word_1_288' title='bbox 543 2485 642 2520; x_wconf 87' lang='lat' dir='ltr'>esse,</span> <span class='ocrx_word' id='word_1_289' title='bbox 665 2486 749 2526; x_wconf 90' lang='lat' dir='ltr'>quo</span> <span class='ocrx_word' id='word_1_290' title='bbox 778 2479 873 2511; x_wconf 86' lang='lat' dir='ltr'>ante</span> <span class='ocrx_word' id='word_1_291' title='bbox 904 2470 1055 2510; x_wconf 88' lang='lat' dir='ltr'>multos</span> <span class='ocrx_word' id='word_1_292' title='bbox 1085 2485 1213 2510; x_wconf 83' lang='lat' dir='ltr'>annos</span> <span class='ocrx_word' id='word_1_293' title='bbox 1243 2472 1587 2512; x_wconf 86' lang='lat' dir='ltr'>Mammotrectus</span> <span class='ocrx_word' id='word_1_294' title='bbox 1616 2479 1690 2512; x_wconf 90' lang='lat' dir='ltr'>aut</span> 
     </span>
     <span class='ocr_line' id='line_1_36' title="bbox 306 2537 1686 2594; baseline 0.001 -17"><span class='ocrx_word' id='word_1_295' title='bbox 306 2537 548 2578; x_wconf 89' lang='lat' dir='ltr'>Catholicon</span> <span class='ocrx_word' id='word_1_296' title='bbox 569 2537 733 2594; x_wconf 89' lang='lat' dir='ltr'>loquuti</span> <span class='ocrx_word' id='word_1_297' title='bbox 754 2538 848 2588; x_wconf 91' lang='lat' dir='ltr'>sint,</span> <span class='ocrx_word' id='word_1_298' title='bbox 869 2553 1036 2594; x_wconf 90' lang='lat' dir='ltr'>quoque</span> <span class='ocrx_word' id='word_1_299' title='bbox 1057 2538 1193 2579; x_wconf 87' lang='lat' dir='ltr'>adhuc</span> <span class='ocrx_word' id='word_1_300' title='bbox 1212 2538 1289 2594; x_wconf 88' lang='lat' dir='ltr'>ipsi</span> <span class='ocrx_word' id='word_1_301' title='bbox 1317 2547 1488 2579; x_wconf 84' lang='lat' dir='ltr'>utantur</span> <span class='ocrx_word' id='word_1_302' title='bbox 1513 2538 1555 2579; x_wconf 92' lang='lat' dir='ltr'>in</span> <span class='ocrx_word' id='word_1_303' title='bbox 1582 2539 1686 2589; x_wconf 88' lang='lat' dir='ltr'>foro,</span> 
     </span>
     <span class='ocr_line' id='line_1_37' title="bbox 304 2604 1689 2662; baseline 0 -16"><span class='ocrx_word' id='word_1_304' title='bbox 304 2604 360 2646; x_wconf 89' lang='lat' dir='ltr'>sic</span> <span class='ocrx_word' id='word_1_305' title='bbox 381 2604 488 2645; x_wconf 91' lang='lat' dir='ltr'>enim</span> <span class='ocrx_word' id='word_1_306' title='bbox 509 2605 605 2645; x_wconf 84' lang='lat' dir='ltr'>satis</span> <span class='ocrx_word' id='word_1_307' title='bbox 632 2605 805 2662; x_wconf 85' lang='lat' dir='ltr'>intelligi</span> <span class='ocrx_word' id='word_1_308' title='bbox 830 2621 962 2662; x_wconf 87' lang='lat' dir='ltr'>posse,</span> <span class='ocrx_word' id='word_1_309' title='bbox 984 2605 1087 2661; x_wconf 90' lang='lat' dir='ltr'>quid</span> <span class='ocrx_word' id='word_1_310' title='bbox 1117 2605 1292 2657; x_wconf 87' lang='lat' dir='ltr'>dicatur,</span> <span class='ocrx_word' id='word_1_311' title='bbox 1314 2616 1355 2647; x_wconf 88' lang='lat' dir='ltr'>et</span> <span class='ocrx_word' id='word_1_312' title='bbox 1384 2606 1597 2646; x_wconf 86' lang='lat' dir='ltr'>hominum</span> <span class='ocrx_word' id='word_1_313' title='bbox 1618 2621 1689 2646; x_wconf 88' lang='lat' dir='ltr'>vo-</span> 
     </span>
     <span class='ocr_line' id='line_1_38' title="bbox 304 2671 1688 2727; baseline 0 -13"><span class='ocrx_word' id='word_1_314' title='bbox 304 2671 453 2714; x_wconf 83' lang='lat' dir='ltr'>luntati</span> <span class='ocrx_word' id='word_1_315' title='bbox 475 2672 657 2716; x_wconf 86' lang='lat' dir='ltr'>satisfieri</span> <span class='ocrx_word' id='word_1_316' title='bbox 667 2690 678 2724; x_wconf 83' lang='lat'><em>3</em></span> <span class='ocrx_word' id='word_1_317' title='bbox 710 2673 929 2716; x_wconf 87' lang='lat' dir='ltr'>ridiculum</span> <span class='ocrx_word' id='word_1_318' title='bbox 959 2683 1095 2716; x_wconf 86' lang='lat' dir='ltr'>autem</span> <span class='ocrx_word' id='word_1_319' title='bbox 1127 2689 1227 2727; x_wconf 84' lang='lat' dir='ltr'>esse,</span> <span class='ocrx_word' id='word_1_320' title='bbox 1246 2689 1355 2715; x_wconf 89' lang='lat' dir='ltr'>nunc</span> <span class='ocrx_word' id='word_1_321' title='bbox 1386 2673 1549 2715; x_wconf 84' lang='lat' dir='ltr'>tandem</span> <span class='ocrx_word' id='word_1_322' title='bbox 1581 2688 1688 2714; x_wconf 90' lang='lat' dir='ltr'>novo</span> 
     </span>
    </p>
   </div>
  </div>
 </body>
</html>
