1799 3077
441 106 678 149 NOELLI
713 106 1177 149 CATECHISMUS.
1431 112 1513 152 215

129 219 514 262 commemoratione
546 219 779 261 denunciat.
842 219 1009 276 Cogitet
1042 219 1150 260 enim
1187 219 1364 276 quisque
1395 230 1427 250 m
1446 224 1515 264 Sa-

130 281 289 338 tanam,
302 288 510 329 infernum
530 287 646 329 illum
669 287 928 329 Pharaonem
953 303 1028 328 suo
1054 286 1178 344 capiti
1205 287 1513 337 imminente1n3

131 365 377 413 ”peccatum
404 355 502 396 item
527 355 800 397 foedissimum
831 371 916 396 esse
945 355 1082 396 lutum
1111 354 1218 395 illud
1246 354 1402 411 inffquo
1432 365 1519 397 tur-

130 423 295 479 pissime
328 423 564 472 volutatur,
607 433 648 465 et
677 424 953 479 ogehennam,
991 422 1236 480 AEgyptiam
1280 423 1519 465 servitutem

130 491 394 542 teterrimam,
427 491 504 533 sibi
533 492 588 533 ob
617 491 744 533 animi
773 491 912 532 oculos
941 499 1174 547 proponat3
1217 499 1258 531 et
1287 490 1519 532 libertatem

129 558 235 600 hanc
261 574 387 615 quam
414 559 515 611 dixi,
539 560 657 601 unice
687 559 763 601 sibi
784 559 1089 616 Pexpetendam
1119 574 1218 609 esse,
1240 567 1289 599 ut
1319 575 1415 615 quae
1446 575 1520 601 sua

130 626 308 668 maxime
327 627 500 678 intersit,
523 627 642 669 facile
667 626 896 682 intelliget3
929 642 1013 682 qua
1043 636 1181 667 tamen
1210 625 1521 683 indignissimus

131 695 222 746 erit,
245 695 286 736 ni
307 695 505 738 libertatis
525 705 544 734 cl
558 696 788 746 authorem,
810 695 922 736 omni
947 695 1145 751 obsequio
1175 703 1300 750 atque
1329 694 1522 736 obedien-

132 762 190 804 tia
208 764 326 805 colat.

191 832 256 871 M.
280 833 426 888 Perge.

189 900 245 940 A.
275 900 530 941 Confirmata
546 898 635 955 jam
657 899 784 955 Legis
800 914 885 939 suae
901 898 1165 948 authoritate,
1184 898 1370 954 sequitur
1385 897 1522 953 ipsum

132 977 412 1024 praeceptum:
465 969 569 1009 NON
593 981 789 1007 HABEBIS
813 968 937 1007 DEos
960 981 1155 1007 ALIENos
1175 981 1329 1007 CORAM
1355 980 1435 1007 ΜΕ.

191 1036 256 1077 Μ.
279 1037 375 1077 Hoc
395 1035 498 1092 quid
519 1034 595 1076 sibi
615 1034 731 1085 velit,
756 1034 894 1075 dicito.
928 1036 932 1039 ⁴

190 1105 246 1144 A.
280 1103 576 1154 Idololatriam,
599 1111 753 1158 rquarn
783 1101 948 1158 penitus
977 1100 1066 1142 odit
1096 1102 1229 1151 Deus,
1256 1109 1368 1142 vetat
1397 1109 1524 1157 atque

135 1171 338 1228 prohibet.

193 1240 257 1280 M.
291 1238 546 1286 Idololatria,
567 1246 640 1279 aut
661 1238 774 1278 Deos
794 1236 947 1277 alienos
967 1236 1119 1277 habere
1139 1235 1242 1291 quid
1263 1239 1354 1277 est?

192 1309 248 1349 A.
280 1309 361 1349 Est
389 1307 432 1348 in
461 1307 598 1348 locum
629 1306 752 1347 unius
778 1306 893 1346 ⁵veri
925 1305 1021 1355 Dei,
1050 1304 1122 1360 qui
1153 1320 1194 1345 se
1224 1304 1359 1361 palam
1391 1305 1523 1355 nobis,

135 1376 434 1432 manifestoque
454 1375 497 1416 in
525 1375 646 1416 sacris
672 1373 799 1415 literis
828 1373 1008 1414 ostendit
1037 1381 1163 1428 atque
1193 1372 1403 1428 patefecit,
1426 1373 1525 1414 alias

135 1444 199 1485 vel
221 1459 414 1500 personas
437 1443 500 1484 vel
520 1458 584 1483 res
604 1441 865 1491 constituere,
889 1448 929 1481 et
950 1448 998 1481 ut
1018 1441 1132 1481 Deos
1152 1444 1164 1466 t
1177 1439 1378 1494 quosdam
1406 1440 1525 1481 nobis

136 1513 290 1568 fingere
311 1521 351 1553 et
371 1509 636 1559 comminisci,
658 1524 761 1565 quas
792 1517 840 1549 ut
870 1509 982 1549 Deos
1012 1507 1208 1557 colamus,
1232 1516 1273 1547 et
1302 1507 1342 1547 in
1374 1507 1528 1562 quibus

138 1595 250 1636 spem
272 1588 454 1620 nostram
480 1593 682 1635 ponamus
707 1586 832 1633 atque
860 1576 1115 1617 collocemus.
1177 1577 1206 1615 J
1212 1575 1311 1616 ubet
1341 1575 1448 1615 enim
1481 1584 1528 1616 ut

137 1657 305 1689 uunum
331 1664 371 1688 se
398 1657 561 1689 tantum
592 1648 733 1687 Deum
764 1659 1058 1701 agnoscamus3
1100 1643 1145 1684 id
1174 1652 1248 1693 est,
1271 1652 1319 1684 ut
1349 1659 1444 1699 quae
1474 1643 1527 1684 ad

138 1717 228 1772 ejus
247 1716 501 1772 majestatem
530 1722 715 1771 spectant
742 1713 946 1762 universa,
968 1721 990 1740 x
1006 1727 1185 1768 quaeque
1216 1710 1289 1752 soli
1318 1710 1376 1751 illi
1406 1710 1528 1751 debe-

137 1799 246 1835 mUS,
266 1798 409 1825 eorum
435 1798 487 1823 ne
507 1781 572 1823 vel
602 1781 812 1822 minimam
843 1779 1013 1835 quidem
1043 1788 1203 1835 partem
1234 1778 1529 1819 transferamus

138 1851 242 1899 alio;
276 1851 347 1892 sed
368 1865 490 1891 suum
517 1849 575 1890 illi
601 1849 800 1890 honorem
829 1847 1074 1903 cultumque
1105 1847 1179 1888 soli
1209 1856 1335 1903 atque
1365 1846 1408 1887 in
1438 1846 1530 1887 soli-

139 1919 241 1960 dum
261 1919 555 1965 exhibeamus,
589 1917 709 1974 cujus
729 1916 951 1972 quicquam
974 1915 1027 1956 ad
1048 1914 1225 1956 alterum
1247 1915 1404 1957 deferre
1421 1929 1529 1956 sum-

139 2002 254 2027 mum
275 1996 379 2028 esset
399 1986 523 2027 nefas.

198 2056 261 2095 M.
295 2057 399 2105 Quae
419 2064 515 2095 sunt
534 2053 617 2105 illa,
636 2068 731 2109 quae
752 2053 845 2093 Deo
864 2050 1125 2107 peculiariter
1145 2050 1356 2100 debemus,
1375 2049 1417 2089 in
1437 2049 1528 2105 qui-

140 2124 219 2164 bus
239 2123 398 2164 cultum
418 2122 475 2163 illi
496 2122 710 2178 proprium
731 2129 772 2161 et
791 2119 1039 2176 peculiarem
1061 2118 1184 2159 situm
1206 2134 1291 2159 esse
1312 2117 1442 2158 dicis?

199 2193 254 2232 A.
287 2192 380 2231 Deo
401 2190 570 2245 quidem
597 2189 814 2229 innumera
844 2186 1056 2236 debemus,
1079 2201 1224 2226 verum
1256 2184 1446 2226 universa
1475 2185 1528 2226 ad

142 2269 322 2316 quatuor
342 2258 476 2314 capita
496 2272 580 2298 non
599 2256 738 2312 inepte
759 2254 902 2296 referri
923 2264 1109 2310 possunt.

200 2328 267 2368 M.
300 2327 404 2377 Quae
425 2334 520 2367 sunt
540 2327 621 2365 ea?

187 2431 211 2445 Ν
228 2426 306 2456 Luc.
324 2425 392 2455 xiii.
412 2423 460 2455 16.
485 2434 501 2455 2
519 2425 606 2455 Tim.
621 2424 656 2454 ii.
675 2422 726 2454 26.
754 2432 765 2452 1
787 2422 854 2452 Pet.
871 2431 900 2451 v.
917 2420 947 2450 8.
1072 2426 1087 2440 ¹¹
1102 2419 1187 2449 Psal.
1207 2419 1250 2448 xl.
1271 2428 1298 2448 z.
1324 2419 1410 2448 Esai.
1429 2418 1485 2448 lix.
1501 2429 1531 2457 3.

146 2488 163 2509 2
180 2479 248 2509 Pet.
266 2478 300 2508 ii.
318 2487 371 2513 20,
390 2486 440 2507 22.
463 2479 564 2516 Apoc.
581 2477 644 2506 xvi.
668 2484 717 2515 15.
885 2481 898 2494 ⁰
915 2474 997 2503 Mat.
1014 2472 1081 2502 xiii.
1093 2480 1147 2509 40.
1172 2472 1252 2502 Luc.
1269 2472 1334 2502 xvi.
1354 2481 1404 2511 23.
1431 2481 1447 2502 2
1464 2473 1531 2502 Pet.

144 2532 179 2563 ii.
197 2541 227 2570 4.
336 2537 352 2557 P
369 2531 452 2560 Mat.
469 2530 534 2560 xvi.
551 2528 601 2559 26.
624 2529 696 2559 Act.
713 2528 800 2558 xxvi.
823 2528 871 2557 18.
895 2528 990 2557 Rom.
1007 2526 1073 2557 xvi.
1091 2533 1142 2557 20.
1250 2532 1265 2550 q
1281 2525 1369 2556 Esai.
1387 2526 1464 2556 xvii.
1484 2536 1531 2556 10.

143 2588 240 2616 Joan.
254 2585 318 2616 xiv.
337 2592 386 2623 15.
413 2584 507 2614 Rom.
522 2583 566 2614 vi.
586 2592 635 2621 13.
663 2592 676 2612 1
696 2583 771 2612 Cor.
789 2580 830 2611 vi.
850 2590 899 2620 19.
1030 2580 1132 2609 rLev.
1147 2578 1230 2609 xxvi.
1250 2588 1279 2615 1,
1295 2589 1343 2618 13.
1367 2579 1464 2609 Deut.
1476 2580 1532 2610 xii.

145 2649 178 2678 3.
201 2639 277 2669 Jud.
292 2648 324 2668 x.
341 2637 374 2675 6,
395 2636 443 2667 16.
583 2636 703 2666 sDeut.
719 2635 759 2666 vi.
777 2643 810 2672 4,
829 2642 859 2674 5.
885 2635 969 2664 Mar.
986 2633 1043 2663 xii.
1062 2642 1114 2673 29,
1130 2642 1184 2671 32.
1329 2634 1338 2651 2
1352 2633 1439 2663 Esai.
1458 2633 1533 2663 xliv.

151 2699 200 2731 17.
224 2693 310 2723 Dan.
326 2691 373 2721 iii.
390 2699 422 2730 5,
441 2697 472 2730 7,
493 2699 542 2727 12,
564 2697 611 2729 15.
742 2695 756 2708 ²¹
774 2689 870 2718 Deut-
892 2688 936 2719 iv.
951 2694 1007 2727 35,
1023 2696 1075 2727 39.
1091 2692 1122 2717 et
1138 2686 1180 2716 vi.
1197 2697 1230 2726 4,
1249 2694 1279 2725 5.
1305 2686 1388 2717 Mar.
1408 2686 1463 2717 xii.
1482 2695 1531 2725 29.

149 2755 202 2785 32.
311 2752 325 2766 Χ
342 2746 437 2776 Dent.
453 2754 485 2775 x.
505 2753 554 2774 zo.
580 2743 657 2773 Luc.
675 2742 717 2773 iv.
734 2742 763 2772 8.
788 2743 861 2773 Act.
879 2752 911 2772 x.
931 2749 983 2779 25,
1004 2740 1053 2772 26.
1077 2741 1174 2780 Apoc.
1192 2741 1257 2771 xix.
1280 2750 1326 2771 10.

838 2797 907 2834 1³4
