1799 3077
318 131 404 171 224
641 131 877 174 NOELLI
912 133 1377 176 CATECHISMUS.

375 245 441 286 M.
474 245 579 295 Quae
599 255 660 287 est
679 245 748 287 illa
768 261 894 302 quam
913 246 1014 288 dicis
1035 246 1322 289 Ecclesiastica
1341 247 1586 304 disciplina?

372 314 428 353 A.
462 314 525 354 Ut
554 314 736 370 populus
758 314 1017 356 Christianus
1046 315 1098 356 ad
1123 315 1278 357 Christi
1305 315 1563 357 sdoctrinam
1589 318 1706 358 audi-

315 381 478 432 endam,
500 381 553 422 ad
583 382 876 422 conficiendam
896 382 994 423 fidei
1015 387 1124 424 tsua-:⁴
1153 383 1462 440 professionem,
1484 384 1538 425 ad
1565 400 1707 440 preces

315 457 336 478 ¹¹
350 450 443 490 Deo
475 449 640 505 publice
675 449 944 500 adhibendas,
976 451 1029 491 ad
1060 451 1293 492 divinorum
1324 461 1347 480 x
1360 467 1548 508 operum,
1580 462 1706 509 atque

312 517 605 559 beneficiorum
626 518 866 559 memoriam
882 518 1169 559 celebrandam
1190 529 1316 575 atque
1336 520 1607 572 retinendam,
1626 531 1707 563 tra-

313 585 483 642 ditaque
503 586 556 626 ab
577 602 625 626 eo
645 586 841 642 mysteria
860 580 1143 642 yperagenda,
1164 586 1207 627 in
1229 602 1360 628 unum
1381 589 1608 630 conveniat.

373 654 436 694 M.
471 655 540 694 An
562 653 640 694 ista
660 653 834 709 septimo
853 668 1021 709 quoque
1041 654 1108 695 die
1128 654 1366 710 praestitisse
1387 654 1482 696 satis
1503 656 1609 697 erit?

369 723 425 762 A.
461 723 569 762 Sunt
588 721 676 762 haec
697 721 867 777 quidem
889 721 1081 778 privatim
1104 731 1121 750 z
1136 722 1286 778 cuique
1306 722 1469 771 assidue
1488 724 1705 766 recordan-

311 789 379 839 da,
402 798 443 830 et
462 789 706 846 cogitanda3
738 799 888 831 nostrae
919 800 1055 831 tamen
1083 790 1345 846 negligentiae
1376 801 1502 848 atque
1522 791 1702 834 imbecil-

310 856 436 898 litatis
467 873 603 908 causa,
640 867 771 899 status
802 857 888 899 dies
917 857 1178 914 peculiariter
1207 858 1304 900 huic
1337 859 1503 915 negotio
1535 860 1701 916 publice

311 925 553 966 destinatur.

369 994 432 1034 M.
465 995 564 1035 Jam
586 993 638 1035 de
660 994 784 1035 servis
815 994 1092 1045 sublevandis,
1114 1010 1242 1051 quare
1273 996 1352 1037 hoc
1381 995 1576 1037 mandato
1604 1010 1701 1036 cau-

310 1070 400 1102 tum
421 1064 511 1103 est?

365 1131 421 1170 A.
456 1130 649 1185 AEquum
670 1128 751 1170 fuit
771 1129 875 1180 illos,
897 1129 1000 1186 aqui
1022 1130 1099 1170 sub
1120 1129 1252 1170 aliena
1271 1138 1474 1186 potestate
1495 1138 1605 1180 sunt,
1626 1130 1697 1171 ali-

308 1197 423 1254 quod
454 1206 617 1253 tempus
647 1212 672 1238 a
702 1197 841 1238 labore
870 1197 1165 1245 intermittere;
1205 1197 1359 1253 alioqui
1392 1198 1499 1239 enim
1531 1197 1694 1239 illorum

305 1264 501 1315 conditio,
537 1265 709 1306 nimium
747 1267 851 1306 dura
885 1265 1142 1321 difficilisque
1182 1265 1358 1306 toleratu
1393 1266 1538 1306 futura
1579 1275 1694 1307 esset.

303 1332 363 1373 Et
383 1348 478 1374 sane
498 1348 573 1389 par
594 1343 694 1384 erat,
719 1349 855 1374 servos
884 1333 1091 1374 communi
1120 1342 1259 1374 nostro
1281 1332 1301 1362 b
1314 1333 1467 1389 pariter
1487 1341 1612 1389 atque
1633 1333 1695 1390 ip-

304 1416 440 1441 sorum
479 1401 675 1451 Domino,
712 1400 898 1456 adeoque
927 1401 1034 1457 patri
1069 1401 1206 1452 etiam,
1237 1415 1369 1456 quum
1405 1416 1473 1441 eos
1509 1401 1585 1442 sibi
1619 1417 1694 1457 per

305 1468 518 1509 Christum
549 1484 668 1524 aeque
702 1468 923 1524 adoptarit,
957 1483 1039 1509 una
1069 1468 1283 1509 nobiscum
1314 1467 1538 1524 aliquando
1569 1469 1694 1510 inser-

302 1536 410 1577 vire:
446 1536 527 1577 Sed
550 1545 591 1576 et
611 1535 801 1577 Dominis
822 1535 919 1592 ipsis
938 1545 1137 1592 praeterea
1158 1535 1258 1576 utile
1278 1544 1352 1585 est,
1374 1545 1422 1576 ut
1446 1536 1550 1576 servi
1570 1536 1694 1577 inter-

301 1603 402 1644 dum
430 1603 794 1659 cinterquiescant‚
816 1619 902 1659 quo
931 1603 1122 1644 videlicet
1153 1603 1205 1644 ad
1237 1603 1512 1644 intermissum
1544 1604 1694 1660 paulu-

299 1671 384 1712 lum
408 1671 603 1721 laborem,
621 1671 835 1712 alacriores
855 1670 1156 1726 validioresque
1177 1680 1448 1711 revertantur.

357 1741 421 1780 M.
456 1740 653 1795 Superest
666 1739 755 1794 jam
777 1747 824 1779 ut
845 1738 897 1779 de
918 1738 1119 1794 spirituali
1141 1738 1278 1793 quiete
1299 1738 1420 1779 dicas.

355 1809 410 1848 A.
443 1808 510 1848 Ea
539 1816 613 1857 est,
635 1806 737 1847 dum
766 1822 790 1847 a
811 1806 1030 1847 mundanis
1060 1806 1248 1861 negotiis,
1270 1805 1564 1862 dpropriisque
1593 1823 1689 1864 ope-

296 1875 410 1916 ribus
431 1885 556 1931 atque
576 1874 722 1915 studiis
742 1874 890 1924 feriati,
913 1883 953 1915 et
973 1873 1090 1930 quasi
1112 1883 1297 1914 sanctum
1320 1874 1531 1928 quoddam
1553 1875 1684 1916 otium

294 1952 476 1999 agentes,
499 1958 573 1984 nos
604 1951 712 1984 totos
741 1942 782 1983 in
805 1942 886 1983 Dei
916 1951 1159 1998 potestatem
1191 1941 1482 1997 permittimus,
1504 1958 1589 1998 quo
1617 1943 1686 1984 ille

295 2026 370 2051 sua
389 2011 430 2051 in
459 2010 576 2051 nobis
606 2026 728 2066 opera
761 2019 956 2066 peragat;
990 2018 1031 2050 et
1061 2009 1162 2050 dum
1192 2024 1356 2050 carnem
1386 2020 1582 2061 nostram,
1605 2020 1684 2052 eut

274 2078 511 2138 ‘Scriptura
539 2078 738 2134 loquitur,
761 2077 1054 2134 crucifigimus,
1076 2077 1154 2117 hoc
1184 2085 1260 2127 est,
1292 2077 1500 2133 appetitus
1531 2086 1572 2119 et
1597 2093 1683 2119 mo-

294 2156 361 2187 tus
381 2146 505 2187 animi
532 2161 681 2202 pravos
701 2146 938 2197 fraenamus,
960 2145 1125 2202 ingenio
1156 2153 1296 2185 nostro
1327 2154 1613 2202 temperantes,
1634 2155 1683 2187 ut

294 2214 376 2255 Dei
407 2214 568 2270 spiritui
595 2215 949 2270 obtemperemus3
981 2213 1038 2254 ita
1069 2213 1176 2253 enim
1205 2223 1386 2254 externae
1407 2213 1556 2269 quietis
1576 2214 1683 2270 figu-

292 2297 379 2322 ram
400 2291 525 2337 atque
545 2282 781 2338 imaginem,
803 2282 855 2322 ad
876 2296 962 2322 rem
983 2280 1281 2337 veritatemque
1301 2280 1455 2337 optime
1475 2281 1682 2323 revocabi-

291 2366 383 2392 mus
404 2363 529 2406 atque
554 2350 764 2391 traducem
770 2365 828 2391 us.

332 2512 342 2527 ⁸
365 2507 448 2537 Mar.
464 2506 508 2536 vi.
521 2515 552 2544 4.
574 2506 655 2536 Luc.
672 2506 714 2536 iv.
734 2504 782 2541 16,
800 2511 849 2543 17.
968 2506 977 2524 2
1001 2504 1084 2534 Psal.
1102 2514 1172 2534 xcv.
1194 2513 1223 2534 2.
1248 2503 1329 2533 Mat.
1346 2513 1377 2533 x.
1394 2511 1446 2541 32.
1555 2509 1570 2522 ¹¹
1587 2503 1676 2533 Esai.

289 2560 344 2589 lvi.
362 2567 390 2599 7.
413 2561 494 2590 Mat.
512 2560 577 2591 xxi.
599 2569 648 2598 13.
766 2564 780 2579 Χ
804 2558 884 2598 Eph.
900 2557 946 2588 iii.
965 2567 1015 2588 21.
1033 2558 1116 2588 Heb.
1133 2558 1166 2587 ii.
1185 2567 1232 2587 12.
1339 2563 1352 2582 y
1376 2556 1460 2587 Psal.
1479 2556 1555 2586 xxii.
1575 2565 1624 2594 ²3·
1642 2561 1675 2587 et

288 2623 385 2643 xxxv.
402 2623 450 2644 21.
480 2623 491 2643 1
510 2614 585 2644 Cor.
602 2613 669 2644 xiv.
682 2611 734 2643 26.
843 2617 855 2631 z
877 2612 960 2641 Psal.
976 2611 997 2642 i.
1016 2621 1044 2641 2.
1062 2615 1094 2641 et
1109 2610 1232 2641 lxxxiv.
1248 2618 1279 2648 4.
1306 2609 1382 2640 Luc.
1398 2609 1486 2639 xviii.
1506 2619 1531 2639 1.
1556 2609 1673 2648 Ephes.

286 2677 316 2696 v.
334 2675 385 2697 20.
506 2673 519 2686 ¹¹
536 2667 634 2697 Deut.
650 2677 680 2696 v.
698 2674 746 2703 ¹4·
764 2675 817 2696 xv.
837 2674 873 2695 12
904 2672 954 2704 15.
977 2665 1045 2695 Jer.
1061 2665 1172 2695 xxxiv.
1189 2672 1238 2701 14·
1361 2660 1374 2682 ὓ
1397 2663 1481 2692 Psal.
1497 2662 1623 2692 cxxxiv.
1644 2672 1671 2693 1.

286 2720 357 2750 Gal.
374 2719 419 2750 iii.
437 2719 488 2757 26,
506 2720 555 2750 28.
579 2720 659 2759 Eph.
676 2720 718 2749 vi.
735 2729 766 2760 9.
791 2719 898 2750 Colos.
915 2718 961 2749 iii.
978 2728 1026 2749 11.
1119 2723 1131 2737 ⁶
1155 2718 1251 2748 Deut.
1267 2726 1296 2746 v.
1317 2724 1366 2753 14.
1390 2715 1480 2745 Esai.
1493 2715 1605 2745 xxviii.
1624 2724 1671 2746 12.

285 2774 297 2793 d
316 2773 402 2803 Esai.
420 2773 441 2802 i.
463 2781 511 2810 14,
530 2771 576 2802 16.
594 2777 623 2802 ot
642 2772 720 2802 lviii.
739 2781 787 2809 13.
814 2772 895 2802 Hel).
913 2772 954 2802 iv.
969 2780 999 2810 9.
1088 2777 1099 2790 θ
1124 2771 1194 2801 Gal.
1213 2781 1242 2799 v.
1260 2778 1309 2807 24.
1334 2769 1441 2799 eolos.
1458 2768 1504 2798 iii.
1523 2777 1552 2807 5.
