1799 3077
84 2353 156 2382 Aet.
173 2351 250 2381 xxiv.

86 2626 206 2655 Tertul.
224 2626 257 2654 in

88 2670 256 2708 Apologet.

271 128 351 166 118
659 127 886 169 JUELLI
919 127 1259 168 APOLOGIA.

269 240 334 290 sit,
356 247 491 281 tamen
513 239 609 281 satis
627 240 810 282 modeste
829 249 871 282 et
897 240 1082 297 apposite
1111 240 1268 281 dictum
1299 246 1474 296 putant3
1506 254 1654 280 verene

269 323 322 349 an
341 308 458 357 falso,
481 307 583 348 nihil
602 317 759 349 curant.
821 308 953 350 Nobis
972 308 1037 350 his
1056 308 1215 349 artibus
1241 322 1346 364 opus
1372 322 1454 348 non
1485 315 1559 358 est,
1581 307 1656 363 qui

270 377 485 418 veritatem
506 376 780 417 defendimus.

331 444 454 495 Quod
485 445 518 485 si
548 444 743 486 docemus
773 453 1074 485 sacrosanctum
1106 445 1186 485 Dei
1216 443 1507 500 Evangelium,
1529 452 1570 484 et
1591 459 1659 484 ve-

273 522 379 555 teres
398 512 641 569 Episcopos,
662 521 789 568 atque
818 511 1046 553 Ecclesiam
1075 511 1327 569 primitivam
1356 511 1568 553 nobiscum
1600 512 1661 553 fa-

273 597 377 632 cere,
400 597 557 637 nosque
577 596 659 621 non
682 581 767 621 sine
791 580 908 636 justa
936 595 1059 621 causa
1088 590 1129 621 et
1158 580 1211 620 ab
1239 580 1328 620 istis
1357 579 1597 629 discessisse,
1619 588 1661 620 et

275 650 329 691 ad
359 649 599 705 Apostolos,
628 657 868 704 veteresque
898 647 1118 689 catholicos
1149 649 1294 689 Patres
1323 647 1502 698 rediisse,
1534 647 1662 703 idque

277 732 359 758 non
379 717 566 766 obscure,
587 726 660 756 aut
681 716 809 766 vafre,
832 715 901 757 sed
926 716 1036 757 bona
1064 715 1146 756 fide
1175 730 1312 756 coram
1343 716 1450 765 Deo,
1473 729 1581 765 vere,
1602 713 1665 754 in-

278 776 427 840 genue,
455 782 650 834 dilucide,
682 792 723 825 et
749 783 965 840 perspicue
993 783 1193 835 facimus3
1234 782 1266 823 si
1294 782 1353 823 illi
1382 781 1460 838 ipsi
1490 780 1563 837 qui
1592 796 1665 821 no-

279 860 404 892 stram
442 851 669 893 doctrinam
710 852 895 908 fugiunt,
929 860 970 892 et
1008 867 1092 892 sese
1133 850 1354 892 catholicos
1392 850 1471 891 dici
1502 848 1664 899 volunt,

280 929 421 976 aperte
449 920 650 961 videbunt
686 935 828 961 omnes
860 920 950 961 illos
979 919 1122 961 titulos
1151 918 1421 975 antiquitatis,
1442 918 1494 959 de
1514 917 1668 973 quibus

280 997 495 1044 tantopere
523 987 766 1043 gloriantur,
799 987 875 1029 sibi
905 987 1043 1029 excuti
1072 987 1124 1028 de
1153 987 1358 1037 manibus,
1387 995 1429 1027 et
1458 986 1500 1026 in
1529 993 1669 1026 nostra

281 1071 404 1097 causa
422 1055 518 1111 plus
539 1070 760 1096 nervorum
780 1055 906 1096 fuisse
927 1070 1052 1111 quam
1073 1054 1274 1112 putarint,
1297 1068 1522 1110 speramus,
1542 1052 1670 1094 nemi-

283 1138 377 1165 nem
397 1122 561 1164 illorum
582 1124 640 1164 ita
658 1123 934 1180 negligentem
961 1123 1049 1164 fore
1079 1123 1221 1164 salutis
1251 1138 1350 1172 suae,
1373 1122 1474 1178 quin
1504 1131 1552 1163 ut
1572 1120 1672 1162 velit

284 1191 508 1248 aliquando
527 1192 815 1248 cogitationem
837 1193 1056 1249 suscipere,
1078 1191 1132 1233 ad
1152 1200 1267 1232 utros
1286 1190 1426 1247 potius
1454 1206 1496 1231 se
1524 1189 1672 1246 adjun-

285 1269 368 1315 gat.
414 1261 536 1300 Certe
557 1260 741 1316 quidem,
763 1260 840 1301 nisi
860 1260 953 1317 quis
973 1260 1094 1316 plane
1110 1259 1247 1301 animo
1262 1257 1520 1308 obduruerit,
1541 1266 1582 1298 et
1601 1272 1673 1297 au-

287 1327 375 1368 dire
396 1327 511 1378 nolit,
534 1344 627 1369 eum
651 1344 733 1369 non
755 1328 971 1385 poenitebit
998 1328 1181 1369 animum
1211 1327 1265 1367 ad
1294 1326 1572 1367 defensionem
1602 1340 1674 1365 no-

287 1405 413 1436 stram
443 1395 671 1446 advertere,
693 1405 734 1437 et
765 1397 867 1452 quid
897 1412 922 1438 a
951 1396 1082 1446 nobis,
1114 1410 1323 1451 quamque
1354 1394 1407 1435 ad
1436 1393 1675 1450 religionem

288 1463 565 1505 Christianam
586 1465 888 1516 convenienter,
911 1474 1089 1522 apteque
1109 1464 1284 1515 dicatur,
1306 1463 1531 1505 attendere.

347 1533 457 1572 Nam
479 1533 593 1588 quod
622 1548 695 1574 nos
724 1533 935 1590 appellant
964 1532 1191 1583 haereticos,
1213 1542 1274 1574 est
1302 1532 1406 1573 illud
1436 1531 1589 1573 crimen
1618 1531 1677 1572 ita

290 1615 430 1656 grave,
452 1609 499 1641 ut
529 1600 605 1641 nisi
626 1601 830 1652 videatur,
852 1601 928 1642 nisi
957 1600 1165 1657 palpetur,
1194 1600 1270 1641 nisi
1300 1600 1492 1640 manibus
1521 1597 1678 1654 digitis-

292 1683 375 1723 que
395 1676 597 1718 teneatur,
618 1668 729 1709 credi
750 1668 867 1710 facile
888 1669 940 1710 de
959 1668 1124 1709 homine
1147 1668 1382 1710 Christiano
1405 1682 1489 1708 non
1516 1666 1675 1707 debeat.

293 1736 375 1776 Est
394 1735 502 1776 enim
522 1736 688 1777 haeresis
707 1736 920 1778 destitutio
941 1736 1096 1786 salutis,
1117 1736 1292 1792 abjectio
1310 1735 1455 1792 gratiae
1482 1733 1577 1784 Dei,
1600 1733 1680 1774 dis-

294 1803 421 1844 cessio
449 1819 474 1844 a
502 1819 673 1860 corpore
704 1813 745 1845 et
777 1805 923 1861 spiritu
957 1803 1122 1845 Christi.
1185 1802 1267 1844 Sed
1300 1802 1382 1844 fuit
1411 1803 1490 1844 hoc
1521 1816 1681 1858 semper

294 1871 395 1923 istis,
418 1880 458 1913 et
478 1872 642 1913 illorum
664 1873 852 1930 patribus
871 1873 1070 1914 familiare
1097 1887 1144 1914 ac
1175 1872 1353 1922 solenne,
1375 1880 1424 1912 ut
1456 1870 1487 1912 si
1520 1871 1593 1927 qui
1623 1885 1682 1911 es-

298 1949 400 1991 sent,
422 1940 495 1996 qui
516 1940 567 1981 de
586 1940 751 1982 illorum
772 1942 978 1983 erroribus
998 1950 1283 1998 quererentur,
1300 1950 1342 1981 et
1356 1939 1593 1995 religionem
1613 1954 1683 1979 cu-

297 2018 443 2066 perent
462 2009 708 2061 restitutam,
732 2026 800 2052 eos
820 2010 957 2051 statim
978 2010 1095 2066 quasi
1121 2017 1337 2050 novatores
1366 2022 1504 2049 rerum
1533 2017 1575 2049 et
1603 2008 1681 2048 ho-

298 2077 427 2118 mines
446 2077 649 2128 factiosos,
671 2078 990 2120 condemnarent
1011 2093 1088 2135 pro
1108 2076 1320 2119 haereticis.
1368 2076 1560 2117 Christus
1575 2075 1682 2116 enim

299 2160 381 2186 non
402 2145 481 2187 alia
499 2162 623 2187 causa
649 2146 785 2188 dictus
811 2156 872 2188 est
907 2146 1201 2196 Samaritanus,
1224 2159 1351 2202 quam
1382 2144 1496 2200 quod
1527 2143 1582 2184 ad
1613 2158 1685 2184 no-

299 2228 393 2254 vam
413 2213 623 2269 quandam
646 2213 922 2270 Religionem,
943 2224 984 2256 et
1004 2214 1057 2255 ad
1081 2213 1269 2255 haeresim
1297 2211 1492 2253 defecisse
1520 2220 1686 2268 putare-

301 2291 380 2322 tur.
433 2283 493 2322 Et
514 2281 673 2322 Paulus
692 2281 923 2338 Apostolus
945 2281 1100 2324 Christi
1120 2290 1290 2322 vocatus
1309 2289 1369 2321 est
1397 2279 1438 2320 in
1462 2279 1684 2335 judicium,

302 2358 350 2390 ut
381 2364 545 2390 causam
579 2348 732 2390 diceret
762 2349 813 2389 de
845 2349 1012 2390 haeresi:
1050 2351 1147 2405 Ego
1174 2348 1342 2405 quidem
1366 2346 1539 2402 (inquit)
1563 2347 1688 2403 juxta

302 2416 408 2457 hanc
427 2416 550 2467 viam,
572 2431 699 2472 quam
718 2416 785 2458 isti
804 2426 953 2458 vocant
972 2417 1175 2467 haeresim,
1196 2416 1286 2458 colo
1313 2415 1503 2456 Patrium
1530 2416 1685 2465 Deum,

303 2485 472 2526 credens
490 2485 682 2526 omnibus
702 2500 797 2541 quae
818 2485 969 2541 scripta
988 2495 1083 2526 sunt
1102 2485 1145 2525 in
1167 2486 1298 2541 Lege,
1319 2493 1359 2525 et
1377 2483 1418 2524 in
1440 2483 1671 2540 Prophetis.

363 2552 552 2593 Breviter
584 2552 775 2594 universa
809 2552 886 2595 ista
918 2552 1098 2609 Religio,
1128 2568 1254 2609 quam
1289 2552 1412 2594 hodie
1443 2552 1689 2608 profitentur

303 2618 488 2659 homines
516 2618 753 2670 Christiani,
774 2620 916 2676 primis
947 2621 1202 2677 temporibus
1231 2621 1284 2662 ab
1314 2619 1485 2660 ethnicis
1514 2618 1688 2660 homini-

304 2686 383 2727 bus
419 2696 527 2727 secta
560 2686 670 2727 dicta
701 2697 775 2737 est,
806 2698 847 2729 et
880 2688 1055 2729 haeresis.
1119 2689 1179 2729 Hi
1211 2688 1298 2729 istis
1329 2686 1498 2728 vocibus
1530 2701 1689 2742 semper

304 2753 580 2810 impleverunt
600 2769 720 2795 aures
740 2755 988 2812 principum,
1012 2765 1059 2797 ut
1078 2771 1171 2797 cum
1194 2755 1251 2796 illi
1278 2754 1469 2812 opinione
1495 2753 1690 2811 praejudi-
