1799 3077
283 160 367 204 376
808 156 1148 197 PEARsoNII

285 289 365 315 non
387 281 522 330 potest
549 282 712 327 tempus
733 270 849 320 illud,
872 285 957 325 quo
979 268 1117 310 Mileti
1138 268 1232 318 fuit,
1254 276 1476 323 antequam
1500 269 1673 308 Romam

285 342 433 383 missus
458 349 540 382 est:
576 341 700 380 Tunc
728 337 836 378 enim
859 336 1117 393 Trophimus
1143 351 1228 376 una
1254 351 1349 376 cum
1373 335 1506 376 Paulo
1528 335 1677 376 Hiero-

288 410 446 466 solyma
465 407 592 457 venit,
614 407 702 447 Act.
726 405 809 445 xxi.
833 407 899 449 29.

85 483 169 513 AErae
180 481 265 517 ‘'1¹¹5-3-
348 476 519 526 Paulus,
541 490 636 516 cum
662 489 736 529 per
765 472 976 514 biennium
1004 482 1045 513 et
1072 471 1250 528 amplius
1272 470 1510 512 Persecutio
1531 471 1679 510 Romae

111 523 245 554 vau.
290 554 411 587 antea
436 550 641 592 cessasset,
663 550 704 582 et
725 542 813 597 jam
836 542 950 581 Nero
975 540 1018 580 in
1040 540 1204 581 Graecia
1223 548 1342 590 esset,
1364 541 1543 581 Romam
1564 537 1679 594 petit.

113 609 246 640 Neronis
295 613 376 655 Sed
399 613 547 653 Romae
566 608 722 650 invenit
742 608 917 649 alterum
939 608 1159 648 Neronem.

156 662 206 692 ¹3·
352 683 411 722 Et
431 678 625 735 quoniam
646 676 784 734 priora
803 677 892 732 ejus
909 675 1073 716 vincula
1091 676 1134 716 in
1156 674 1357 717 Praetorio
1376 675 1551 716 celebria
1569 681 1685 715 erant

294 760 389 791 ante
414 747 589 804 primam
619 744 978 792 Persecutionem3
1012 744 1104 785 ideo
1131 759 1227 785 cum
1252 743 1420 799 reliquis
1442 742 1686 784 Christianis

296 817 430 859 notior
459 823 577 865 esset,
605 814 647 854 in
677 828 879 855 carcerem
910 812 1126 869 conjicitur
1157 821 1198 853 et
1226 820 1339 853 arcta
1363 811 1550 852 custodia
1577 819 1689 851 tene-

297 897 390 933 tur3
423 899 506 925 non
536 892 584 923 ut
612 891 735 922 antea
759 881 802 922 in
829 881 953 922 domo
973 881 1177 922 conducta
1197 880 1388 922 omnibus
1408 889 1528 921 nota:
1561 879 1689 920 Unde

299 952 584 1009 Onesiphorus
602 966 684 992 non
706 949 781 991 nisi
803 959 1023 1006 postquam
1043 950 1214 991 sollicite
1233 950 1509 1006 quaesivisset,
1526 949 1690 989 invenit

299 1037 407 1071 eum,
430 1023 457 1062 2
479 1019 590 1061 Tim.
613 1018 638 1059 i.
661 1019 727 1061 17.

360 1088 518 1130 Paulus
547 1089 696 1128 Romae
717 1102 738 1127 e
759 1101 918 1128 carcere
947 1085 988 1126 in
1017 1085 1233 1126 discrimen
1255 1085 1351 1126 vitae
1372 1093 1542 1125 vocatur
1563 1084 1615 1125 ab
1635 1083 1692 1125 al-

303 1168 391 1199 tero
421 1158 602 1208 Nerone,
630 1166 670 1196 et
697 1154 950 1212 Apologiam
982 1154 1107 1195 habet
1137 1154 1220 1195 sive
1250 1154 1527 1209 daffensionem
1556 1167 1692 1202 suam,

304 1225 368 1267 vel
388 1226 472 1275 sui,
493 1224 608 1280 quod
634 1224 676 1263 in
703 1222 911 1279 prioribus
931 1222 1106 1263 vinculis
1130 1222 1284 1263 factum
1308 1236 1389 1262 non
1412 1230 1496 1268 est3
1533 1220 1602 1261 ubi
1622 1220 1696 1260 ha-

303 1293 396 1335 buit
425 1302 588 1333 tantum
615 1292 893 1346 defensionem
919 1297 957 1332 et
981 1292 1332 1347 confirmationem
1354 1290 1603 1347 Evangelii,
1625 1287 1698 1329 ad-

305 1376 447 1402 versus
468 1360 497 1400 J
503 1359 643 1400 udaeos
664 1357 826 1399 scilicet.

365 1431 418 1470 In
445 1444 529 1484 qua
555 1427 792 1468 defensione
813 1436 975 1468 tantum
997 1436 1098 1478 erat,
1120 1437 1162 1468 et
1183 1426 1319 1476 Pauli,
1342 1436 1383 1467 et
1403 1440 1573 1467 suorum
1593 1424 1702 1481 peri-

308 1497 464 1548 culum,
487 1505 535 1537 ut
565 1511 706 1537 omnes
736 1495 797 1537 sui
829 1511 924 1536 eum
955 1495 1202 1546 desererent,
1226 1505 1266 1536 et
1291 1509 1412 1535 nemo
1439 1493 1497 1534 illi
1525 1493 1699 1543 adesset,

311 1569 338 1608 2
370 1567 479 1607 Tim.
507 1565 566 1606 iv„
584 1563 650 1605 16.
684 1563 753 1604 sed
785 1572 952 1620 ereptus
981 1572 1042 1604 est
1072 1579 1122 1604 ex
1154 1579 1224 1604 ore
1251 1564 1418 1612 Leonis,
1446 1564 1515 1606 17.
1551 1576 1701 1618 nempe

312 1635 432 1675 Helii
461 1634 718 1682 Ccesareani,
746 1631 811 1673 cui
842 1646 983 1672 omnes
1011 1632 1053 1672 in
1085 1631 1188 1673 urbe
1218 1640 1259 1672 et
1291 1630 1413 1672 Italia
1442 1632 1556 1671 Nero
1586 1630 1704 1671 Grae-

312 1704 415 1744 ciam
437 1710 580 1758 petens
607 1710 655 1741 ut
681 1700 891 1741 dedititios
921 1700 1162 1750 tradiderat,
1183 1700 1292 1740 facta
1315 1698 1352 1739 ei
1372 1707 1574 1755 potestate
1594 1699 1705 1739 bona

315 1768 609 1828 proscribendi,
633 1768 676 1808 in
697 1767 865 1809 exilium
888 1767 1093 1818 mittendi,
1116 1778 1155 1809 et
1175 1767 1370 1824 plebeios,
1393 1777 1433 1808 et
1454 1767 1613 1823 equites
1636 1768 1706 1807 Se-

317 1848 561 1893 natoresque
590 1836 803 1877 occidendi
830 1836 953 1877 etiam
973 1836 1206 1877 inconsulto
1226 1837 1392 1877 Nerone
1529 1834 1621 1876 οὕτω
1639 1835 1707 1888 μὲν

318 1909 355 1956 δὴ
385 1907 467 1946 τότε
499 1910 517 1955 ἡ
547 1911 618 1946 τῶν
646 1904 836 1957 Ῥωμαίων
866 1907 967 1960 ἀρχὴ
998 1904 1055 1944 δύο
1086 1904 1374 1960 αὐτοκράτορσιν
1403 1901 1485 1955 ἅμα
1516 1902 1707 1953 ἐδούλευσε,

318 1974 458 2029 Νέρωνι
481 1973 541 2013 καὶ
560 1971 702 2028 Ἡλίῳ,
724 1981 772 2012 ut
792 1972 982 2013 observat
1003 1971 1098 2013 Dio.
1121 1971 1192 2012 lib.
1213 1970 1311 2011 lxiii.
1335 1987 1376 2027 p.
1401 1973 1496 2014 720.

378 2043 503 2083 Tunc
522 2041 586 2081 illi
607 2040 848 2082 Alexander
870 2041 1049 2080 aerarins
1077 2040 1209 2080 multa
1236 2040 1348 2080 mala
1374 2039 1565 2089 ostendit,
1587 2045 1625 2080 et
1646 2052 1711 2080 ve-

320 2112 524 2151 liementer
542 2109 700 2150 obstitit
719 2108 976 2149 sermonibus
997 2109 1100 2164 ejus,
1123 2122 1206 2149 ver.
1225 2108 1294 2157 14,
1316 2108 1380 2148 15.

382 2180 424 2219 S.
458 2176 616 2218 Paulus
651 2186 743 2232 post
778 2176 884 2217 hanc
917 2175 1195 2216 defensionem
1232 2175 1371 2216 scribit
1407 2174 1628 2216 secundam
1659 2173 1713 2214 ad

325 2245 596 2288 Timotheum
626 2244 874 2301 Epistolam‚
897 2252 938 2285 et
963 2244 1130 2300 quidem
1163 2245 1326 2294 Romae,
1353 2243 1377 2284 i.
1403 2244 1468 2286 17.
1499 2252 1540 2284 et
1565 2243 1605 2283 in
1628 2241 1715 2283 vin-

325 2315 426 2357 culis
455 2329 542 2370 cap.
571 2313 596 2354 i.
620 2316 658 2354 8.
691 2322 731 2354 et
759 2313 798 2354 ii.
827 2316 865 2358 9.
898 2312 1193 2369 posterioribus
1229 2312 1405 2353 scilicet:
1445 2326 1540 2352 nam
1572 2309 1716 2352 Timo-

327 2383 447 2424 theus
466 2382 553 2438 ipse
575 2381 709 2422 Paulo
728 2382 877 2422 Romae
897 2380 1039 2422 aderat
1059 2381 1101 2421 in
1121 2380 1352 2437 prioribus;
1377 2388 1418 2421 et
1438 2394 1533 2421 cum
1554 2394 1603 2420 eo
1623 2378 1718 2419 scri·

328 2459 465 2507 pserat
491 2449 717 2506 Epistolas,
744 2449 787 2490 in
818 2448 973 2505 quibus
998 2449 1230 2505 Apostolus
1261 2447 1505 2505 significavit
1534 2463 1575 2488 se
1604 2446 1719 2488 brevi

329 2518 503 2559 vinculis
529 2518 748 2559 liberatum
769 2517 829 2558 iri.
892 2518 944 2558 In
966 2517 1042 2558 hac
1062 2527 1202 2559 autem
1222 2517 1332 2558 idem
1354 2516 1556 2572 significat
1577 2515 1720 2556 Timo-

333 2587 442 2637 theo,
468 2601 511 2627 se
525 2588 625 2642 jam
656 2586 848 2636 delibari,
875 2592 913 2627 et
944 2592 1104 2642 tempus
1134 2586 1398 2627 resolutionis
1427 2598 1516 2625 suae
1545 2585 1718 2634 instare,

333 2670 419 2710 cap.
441 2655 493 2694 iv.
517 2654 553 2695 6.
616 2655 674 2695 Et
693 2655 884 2695 liberabit
910 2668 986 2704 me,
1009 2654 1159 2710 inquit,
1182 2655 1393 2695 Dominus
1416 2654 1517 2705 (non
1537 2667 1561 2692 a
1581 2651 1722 2691 vincu-

333 2722 401 2773 lis)
430 2722 498 2763 sed
531 2723 581 2762 ab
611 2724 723 2762 omni
752 2736 873 2777 opere
903 2723 1023 2772 malo,
1050 2729 1086 2763 et
1117 2723 1281 2763 salvum
1293 2722 1436 2777 jaciet
1464 2721 1512 2760 in
1541 2733 1722 2775 regnum

336 2804 455 2830 sunm
478 2790 646 2838 coeleste,
670 2804 749 2829 ver.
770 2791 835 2830 18.
