1799 3077
298 120 383 160 218
624 118 858 159 NOELLI
892 117 1356 160 CATECHISMUS.

298 231 340 273 in
370 230 549 288 templis,
571 239 699 287 qquae
731 230 812 272 Dei
841 230 973 272 cultui
1001 231 1167 288 proprie
1198 231 1403 282 dicantur,
1428 238 1583 273 statuas
1612 240 1684 272 aut

298 299 496 356 imagines
516 299 620 340 ullas
638 299 851 350 collocare,
874 298 991 340 valde
1010 299 1288 356 periculosum
1309 314 1405 340 esse.

357 370 412 409 A.
447 367 500 409 Id
524 382 665 408 verum
687 382 786 418 esse,
802 366 929 407 totius
948 382 1053 422 pene
1075 367 1303 424 Religionis
1322 366 1506 417 interitu,
1521 366 1610 422 jam
1625 367 1686 408 ni-

299 436 431 477 mium
451 435 637 492 profecto
657 433 817 490 experti
838 449 992 474 sumus.

358 506 424 546 M.
446 505 510 545 At
529 502 666 544 adhuc
687 510 873 559 superest
892 502 1019 559 hujus
1040 502 1162 558 Legis
1188 502 1306 558 quasi
1335 501 1543 559 appendix
1573 517 1687 558 quae-

301 571 409 613 dam.

358 641 414 680 A.
452 639 561 680 Nam
594 653 687 694 ego,
719 637 869 694 inquit,
906 652 997 678 sum
1034 637 1241 678 Dominus
1275 637 1394 678 Deus
1425 645 1537 688 tuus,
1569 637 1687 678 rsocii

299 707 531 763 impatiens,
559 705 632 762 qui
653 705 817 747 vindico
847 705 1107 762 iniquitatem
1136 714 1355 762 parentum
1384 705 1427 746 in
1458 705 1589 756 Filiis,
1621 720 1687 746 us-

301 791 384 832 que
410 775 453 815 in
482 774 660 825 tertiam,
683 783 723 815 et
743 782 936 830 quartam
964 773 1202 830 progeniem
1231 788 1375 814 eorum
1404 772 1478 830 qui
1503 788 1569 815 me
1591 773 1688 815 ode-

301 853 395 885 r1nt.

360 912 423 953 M.
446 912 655 962 Quorsum
676 909 857 960 tandem,
879 918 953 950 aut
971 925 1045 951 cur
1064 909 1142 951 ista
1161 909 1387 950 dicuntur?

360 982 416 1021 A.
440 981 547 1020 Haec
580 994 628 1020 eo
662 977 883 1034 pertinent,
915 987 964 1019 ut
999 978 1158 1034 Legem
1193 977 1314 1027 hanc,
1345 977 1530 1018 adhibita
1559 977 1689 1019 veluti

304 1048 524 1098 sanctione,
566 1055 721 1088 statuat
759 1055 800 1087 et
839 1047 1066 1087 confirmet.
1127 1047 1236 1086 Nam
1278 1045 1508 1086 Dominum
1548 1061 1604 1097 se,
1643 1060 1691 1086 ac

305 1118 446 1158 Deum
466 1125 654 1156 nostrum
675 1114 889 1155 nominans
909 1113 1064 1170 duplici
1083 1113 1254 1164 ratione,
1276 1121 1290 1142 ⁸
1305 1113 1565 1154 authoritatis
1582 1113 1692 1154 vide-

305 1184 399 1225 licet
419 1193 460 1224 et
479 1181 772 1232 beneficentiae,
794 1197 868 1223 nos
888 1182 941 1222 ad
963 1181 1038 1222 sibi
1058 1196 1132 1237 per
1151 1180 1288 1222 omnia
1302 1180 1533 1237 parendum
1549 1187 1690 1235 urget3

309 1250 548 1308 ‘zelotypiae
570 1249 772 1292 vocabulo
802 1249 969 1302 indicat,
996 1265 1038 1290 se
1068 1249 1223 1290 socium
1252 1258 1326 1291 aut
1355 1248 1557 1306 aequalem
1585 1248 1693 1289 ferre

308 1336 391 1362 non
410 1334 539 1376 posse.

365 1389 430 1429 M.
464 1389 568 1437 Quae
590 1386 730 1428 subest
749 1386 877 1442 hujus
897 1400 1023 1442 quam
1044 1384 1159 1436 dicis,
1181 1384 1397 1442 zelotypiae
1416 1384 1550 1426 ratio?

366 1458 422 1498 A.
455 1454 713 1511 AEquissima
750 1454 946 1510 profecto.
1023 1455 1251 1509 Postquam
1291 1452 1398 1493 enim
1437 1452 1555 1493 nobis
1594 1450 1695 1491 nihil

309 1523 592 1582 ”promeritiffi
625 1531 788 1564 tantum
822 1537 899 1578 pro
934 1521 1094 1562 infinita
1125 1536 1198 1562 sua
1226 1520 1410 1562 bonitate
1440 1536 1482 1561 se
1511 1518 1695 1569 donavit,

310 1593 468 1650 optimo
483 1592 579 1647 jure
600 1606 674 1631 nos
693 1599 835 1631 Xtotos
865 1589 1046 1641 omnino,
1067 1597 1192 1644 atque
1222 1588 1264 1629 in
1295 1588 1468 1629 solidum
1492 1587 1583 1628 vult
1612 1602 1698 1627 esse

311 1677 417 1703 suos.
479 1661 576 1701 Hoc
611 1658 719 1700 enim
755 1667 816 1699 est
850 1657 954 1698 illud
984 1657 1113 1698 veluti
1148 1656 1275 1698 sancti
1310 1655 1492 1712 conjugii
1521 1655 1699 1696 yvincu-

311 1730 414 1780 lum,
445 1744 530 1784 quo
563 1727 676 1768 fideli
710 1726 767 1767 illi
802 1726 950 1767 marito
984 1727 1090 1776 Deo,
1122 1726 1270 1767 animae
1303 1734 1468 1775 nostrae,
1500 1733 1697 1780 tanquam

312 1807 433 1840 castae
463 1811 637 1852 sponsae,
665 1794 927 1851 copulantur.
989 1795 1177 1843 Quarum
1208 1793 1371 1834 castitas
1400 1802 1475 1843 est,
1502 1793 1596 1833 Deo
1626 1790 1700 1832 soli

313 1865 467 1906 dicatas
487 1878 587 1913 esse,
609 1871 650 1903 et
669 1862 728 1902 illi
748 1861 914 1917 penitus
931 1860 1167 1908 adhaerere3
1203 1860 1322 1901 sicuti
1348 1874 1529 1910 rursum,
1549 1867 1567 1886 z
1584 1857 1702 1899 adul-

314 1932 417 1975 terio
443 1930 575 1988 pollui
605 1930 800 1971 dicuntur
829 1928 977 1969 animae
1006 1937 1169 1978 nostrae,
1191 1943 1284 1969 cum
1311 1943 1336 1968 a
1362 1928 1468 1977 Deo,
1490 1926 1544 1967 ad
1573 1925 1702 1967 idolo-

314 2000 476 2041 latriam
513 2009 586 2041 aut
625 1997 958 2055 superstitionem
993 1996 1228 2049 deflectunt.
1291 1997 1385 2046 Quo
1416 2011 1512 2036 vero
1543 2009 1701 2050 sponsae

315 2067 518 2108 amantior
537 2075 597 2108 est
615 2066 802 2116 maritus,
824 2079 992 2121 quoque
1012 2064 1159 2105 castior
1178 2063 1278 2120 ipse,
1301 2079 1349 2104 eo
1375 2072 1436 2104 est
1468 2077 1627 2119 sponsae
1656 2061 1704 2101 fi-

317 2136 412 2177 dem
432 2134 601 2176 violanti
620 2133 827 2175 infensior.

377 2205 441 2244 M.
474 2205 741 2258 Prosequere.

377 2274 432 2314 A.
456 2273 485 2312 J
489 2286 556 2312 am
575 2286 660 2327 quo
679 2269 889 2327 impendio
908 2267 1039 2324 magis
1058 2267 1190 2308 odisse
1212 2282 1252 2308 se
1272 2266 1544 2308 idololatriam
1573 2273 1705 2306 osten-

365 2449 380 2468 (ἱ
395 2442 491 2473 Deut.
508 2441 562 2472 vii.
576 2448 606 2481 5.
624 2445 658 2471 et
678 2440 777 2470 xxvii.
794 2447 842 2480 15.
888 2448 904 2469 2
923 2439 994 2468 Par.
1012 2437 1100 2468 xxxi.
1119 2447 1146 2467 1.
1192 2437 1279 2467 Esai.
1300 2447 1332 2466 x.
1357 2446 1407 2473 10,
1428 2446 1477 2467 11.
1500 2443 1533 2468 et
1555 2447 1631 2468 xxx.
1657 2447 1708 2467 22.

324 2496 441 2527 Ezech.
457 2496 497 2526 vi.
512 2503 542 2533 4.
582 2496 665 2525 Mat.
681 2494 747 2524 xxi.
761 2503 810 2533 13·
985 2498 997 2511 ¹·
1012 2491 1114 2522 Exod.
1131 2501 1185 2521 xx.
1202 2498 1232 2530 5.
1267 2491 1366 2520 Deut.
1383 2500 1412 2520 v.
1430 2499 1460 2530 9.
1478 2490 1521 2520 vi.
1537 2498 1586 2529 15.
1623 2490 1707 2520 Psal.

325 2549 448 2579 lxxviii.
466 2549 517 2588 58.
554 2549 638 2579 Nah.
654 2548 677 2578 i.
691 2557 720 2578 2.
850 2552 860 2566 ⁵
877 2546 974 2576 Deut.
990 2555 1023 2574 x.
1044 2554 1092 2575 12.
1128 2554 1146 2583 3
1166 2545 1246 2584 Reg.
1262 2543 1351 2574 xviii.
1367 2553 1420 2583 39.
1463 2554 1474 2573 1
1491 2544 1579 2574 Tim.
1596 2543 1638 2574 vi.
1658 2551 1706 2582 15.

327 2604 336 2621 ί
353 2601 456 2631 Exod.
471 2600 581 2630 xxxiv.
601 2609 648 2637 14.
672 2600 741 2630 Jos.
758 2599 847 2629 xxiv.
868 2608 916 2638 19.
953 2599 1040 2629 Esai.
1054 2598 1122 2629 xlii.
1136 2598 1167 2628 8.
1282 2603 1296 2617 ¹¹
1311 2597 1395 2627 Psal.
1411 2597 1488 2627 xliv.
1503 2605 1537 2634 4,
1555 2604 1584 2636 5.
1620 2596 1708 2626 Esai.

327 2654 427 2685 xlviii.
443 2663 472 2693 9.
498 2654 591 2683 Rom.
608 2664 638 2684 v.
654 2653 684 2683 8.
697 2659 730 2684 et
745 2653 787 2683 xi.
801 2661 854 2692 35.
880 2662 897 2683 2
914 2652 1001 2683 Tim.
1018 2652 1040 2684 i.
1052 2662 1084 2694 9.
1258 2657 1273 2671 x
1289 2652 1370 2682 Mat.
1386 2651 1427 2681 iv.
1450 2660 1497 2682 10.
1513 2654 1546 2681 et
1561 2650 1638 2680 xxii.
1653 2658 1710 2689 37.

328 2715 343 2735 y
358 2707 425 2738 Jer.
442 2707 475 2737 ii.
490 2715 519 2736 2.
545 2715 561 2736 2
580 2707 654 2737 Cor.
669 2706 713 2738 xi.
732 2716 760 2737 2.
786 2707 866 2747 Eph.
880 2717 910 2737 v.
928 2714 980 2744 24.
1133 2706 1221 2737 ²Jer.
1237 2705 1271 2736 ii.
1289 2715 1338 2736 20.
1356 2711 1389 2736 ct
1404 2704 1450 2735 iii.
1471 2714 1498 2743 1,
1519 2704 1578 2736 &c.
1595 2704 1712 2735 Ezech.

329 2761 371 2793 vi.
387 2771 417 2801 9.
435 2766 466 2792 et
483 2760 546 2791 xvi.
567 2768 615 2799 15.
