<?xml version="1.0" encoding="UTF-8"?>
<!DOCTYPE html PUBLIC "-//W3C//DTD XHTML 1.0 Transitional//EN"
    "http://www.w3.org/TR/xhtml1/DTD/xhtml1-transitional.dtd">
<html xmlns="http://www.w3.org/1999/xhtml" xml:lang="en" lang="en">
 <head>
  <title>
</title>
<meta http-equiv="Content-Type" content="text/html;charset=utf-8" />
  <meta name='ocr-system' content='tesseract 3.04.00' />
  <meta name='ocr-capabilities' content='ocr_page ocr_carea ocr_par ocr_line ocrx_word'/>
</head>
<body>
  <div class='ocr_page' id='page_1' title='image "./enchiridiontheol01rand_0171.png"; bbox 0 0 1799 3077; ppageno 0'>
   <div class='ocr_carea' id='block_1_1' title="bbox 513 128 1508 174">
    <p class='ocr_par' dir='ltr' id='par_1_1' title="bbox 513 128 1508 174">
     <span class='ocr_line' id='line_1_1' title="bbox 513 128 1508 174; baseline 0.007 -8"><span class='ocrx_word' id='word_1_1' title='bbox 513 128 742 169; x_wconf 82' lang='lat' dir='ltr'><strong>JUELLI</strong></span> <span class='ocrx_word' id='word_1_2' title='bbox 777 128 1113 169; x_wconf 88' lang='lat' dir='ltr'>APOLOGIA.</span> <span class='ocrx_word' id='word_1_3' title='bbox 1426 132 1508 174; x_wconf 76' lang='lat'>157</span> 
     </span>
    </p>
   </div>
   <div class='ocr_carea' id='block_1_2' title="bbox 113 240 1703 1452">
    <p class='ocr_par' dir='ltr' id='par_1_2' title="bbox 120 240 1703 631">
     <span class='ocr_line' id='line_1_2' title="bbox 122 240 1505 297; baseline 0.001 -15"><span class='ocrx_word' id='word_1_4' title='bbox 122 240 271 282; x_wconf 79' lang='lat' dir='ltr'>illustri</span> <span class='ocrx_word' id='word_1_5' title='bbox 302 240 404 291; x_wconf 90' lang='lat' dir='ltr'>loco,</span> <span class='ocrx_word' id='word_1_6' title='bbox 433 241 474 281; x_wconf 90' lang='lat' dir='ltr'>in</span> <span class='ocrx_word' id='word_1_7' title='bbox 496 241 647 282; x_wconf 85' lang='lat' dir='ltr'>vertice</span> <span class='ocrx_word' id='word_1_8' title='bbox 677 241 828 282; x_wconf 89' lang='lat' dir='ltr'>montis</span> <span class='ocrx_word' id='word_1_9' title='bbox 857 241 1004 297; x_wconf 90' lang='lat' dir='ltr'>posita,</span> <span class='ocrx_word' id='word_1_10' title='bbox 1028 240 1228 282; x_wconf 84' lang='lat' dir='ltr'>aedifieata</span> <span class='ocrx_word' id='word_1_11' title='bbox 1249 240 1436 282; x_wconf 88' lang='lat' dir='ltr'>videlicet</span> <span class='ocrx_word' id='word_1_12' title='bbox 1466 243 1505 283; x_wconf 92' lang='lat' dir='ltr'>in</span> 
     </span>
     <span class='ocr_line' id='line_1_3' title="bbox 123 308 1703 366; baseline 0 -17"><span class='ocrx_word' id='word_1_13' title='bbox 123 309 404 350; x_wconf 84' lang='lat' dir='ltr'>fundamentis</span> <span class='ocrx_word' id='word_1_14' title='bbox 444 309 745 365; x_wconf 85' lang='lat' dir='ltr'>Apostolorum</span> <span class='ocrx_word' id='word_1_15' title='bbox 787 319 828 350; x_wconf 88' lang='lat' dir='ltr'>et</span> <span class='ocrx_word' id='word_1_16' title='bbox 869 310 1189 366; x_wconf 83' lang='lat' dir='ltr'>Prophetarum.</span> <span class='ocrx_word' id='word_1_17' title='bbox 1251 308 1319 349; x_wconf 89' lang='lat' dir='ltr'>lbi</span> <span class='ocrx_word' id='word_1_18' title='bbox 1355 308 1507 364; x_wconf 88' lang='lat' dir='ltr'>(inquit</span> <span class='ocrx_word' id='word_1_19' title='bbox 1521 318 1567 344; x_wconf 81' lang='lat' dir='ltr'>De</span> <span class='ocrx_word' id='word_1_20' title='bbox 1584 318 1703 346; x_wconf 83' lang='lat' dir='ltr'>unitate</span> 
     </span>
     <span class='ocr_line' id='line_1_4' title="bbox 122 359 1681 438; baseline -0.001 -21"><span class='ocrx_word' id='word_1_21' title='bbox 122 377 403 433; x_wconf 83' lang='lat' dir='ltr'>Augustinus)</span> <span class='ocrx_word' id='word_1_22' title='bbox 429 392 666 432; x_wconf 81' lang='lat' dir='ltr'>quaeramus</span> <span class='ocrx_word' id='word_1_23' title='bbox 686 377 938 425; x_wconf 86' lang='lat' dir='ltr'>Ecclesiam;</span> <span class='ocrx_word' id='word_1_24' title='bbox 971 378 1029 419; x_wconf 89' lang='lat' dir='ltr'>ibi</span> <span class='ocrx_word' id='word_1_25' title='bbox 1049 377 1318 418; x_wconf 83' lang='lat' dir='ltr'>decernamus</span> <span class='ocrx_word' id='word_1_26' title='bbox 1345 392 1507 417; x_wconf 85' lang='lat' dir='ltr'>causam</span> <span class='ocrx_word' id='word_1_27' title='bbox 1520 359 1602 438; x_wconf 55' lang='grc' dir='ltr'>ξω·</span> <span class='ocrx_word' id='word_1_28' title='bbox 1617 370 1681 398; x_wconf 78' lang='lat' dir='ltr'>cap.</span> 
     </span>
     <span class='ocr_line' id='line_1_5' title="bbox 120 432 1644 500; baseline -0.002 -15"><span class='ocrx_word' id='word_1_29' title='bbox 120 454 315 494; x_wconf 85' lang='lat' dir='ltr'>nostram,</span> <span class='ocrx_word' id='word_1_30' title='bbox 339 454 468 500; x_wconf 87' lang='lat' dir='ltr'>utque</span> <span class='ocrx_word' id='word_1_31' title='bbox 489 445 586 485; x_wconf 87' lang='lat' dir='ltr'>alibi</span> <span class='ocrx_word' id='word_1_32' title='bbox 607 445 715 486; x_wconf 90' lang='lat' dir='ltr'>idem</span> <span class='ocrx_word' id='word_1_33' title='bbox 736 445 807 495; x_wconf 89' lang='lat' dir='ltr'>ait,</span> <span class='ocrx_word' id='word_1_34' title='bbox 831 445 1016 486; x_wconf 83' lang='lat' dir='ltr'>Ecclesia</span> <span class='ocrx_word' id='word_1_35' title='bbox 1036 461 1086 486; x_wconf 85' lang='lat' dir='ltr'>ex</span> <span class='ocrx_word' id='word_1_36' title='bbox 1109 444 1231 485; x_wconf 87' lang='lat' dir='ltr'>sacris</span> <span class='ocrx_word' id='word_1_37' title='bbox 1252 454 1292 484; x_wconf 92' lang='lat' dir='ltr'>et</span> <span class='ocrx_word' id='word_1_38' title='bbox 1307 443 1509 484; x_wconf 85' lang='lat' dir='ltr'>canonicis</span> <span class='ocrx_word' id='word_1_39' title='bbox 1520 432 1597 492; x_wconf 56' lang='lat' dir='ltr'>cap.</span> <span class='ocrx_word' id='word_1_40' title='bbox 1614 463 1644 492; x_wconf 85' lang='lat'>4-</span> 
     </span>
     <span class='ocr_line' id='line_1_6' title="bbox 123 511 1509 568; baseline -0.002 -14"><span class='ocrx_word' id='word_1_41' title='bbox 123 512 345 568; x_wconf 88' lang='lat' dir='ltr'>Scripturis</span> <span class='ocrx_word' id='word_1_42' title='bbox 365 513 620 553; x_wconf 88' lang='lat' dir='ltr'>ostendenda</span> <span class='ocrx_word' id='word_1_43' title='bbox 640 523 724 560; x_wconf 75' lang='lat' dir='ltr'>est3</span> <span class='ocrx_word' id='word_1_44' title='bbox 759 528 937 568; x_wconf 80' lang='lat' dir='ltr'>quaeque</span> <span class='ocrx_word' id='word_1_45' title='bbox 957 529 1008 554; x_wconf 86' lang='lat' dir='ltr'>ex</span> <span class='ocrx_word' id='word_1_46' title='bbox 1030 513 1108 553; x_wconf 91' lang='lat' dir='ltr'>illis</span> <span class='ocrx_word' id='word_1_47' title='bbox 1136 511 1296 553; x_wconf 90' lang='lat' dir='ltr'>ostendi</span> <span class='ocrx_word' id='word_1_48' title='bbox 1317 526 1397 552; x_wconf 91' lang='lat' dir='ltr'>non</span> <span class='ocrx_word' id='word_1_49' title='bbox 1420 521 1509 567; x_wconf 89' lang='lat' dir='ltr'>pot-</span> 
     </span>
     <span class='ocr_line' id='line_1_7' title="bbox 120 580 605 631; baseline 0 -10"><span class='ocrx_word' id='word_1_50' title='bbox 120 590 196 631; x_wconf 88' lang='lat' dir='ltr'>est,</span> <span class='ocrx_word' id='word_1_51' title='bbox 219 596 302 621; x_wconf 89' lang='lat' dir='ltr'>non</span> <span class='ocrx_word' id='word_1_52' title='bbox 325 589 385 621; x_wconf 90' lang='lat' dir='ltr'>est</span> <span class='ocrx_word' id='word_1_53' title='bbox 407 580 605 622; x_wconf 84' lang='lat' dir='ltr'>Ecclesia.</span> 
     </span>
    </p>

    <p class='ocr_par' dir='ltr' id='par_1_3' title="bbox 117 647 1508 1098">
     <span class='ocr_line' id='line_1_8' title="bbox 177 647 1507 705; baseline -0.002 -16"><span class='ocrx_word' id='word_1_54' title='bbox 177 649 327 689; x_wconf 91' lang='lat' dir='ltr'>Nescio</span> <span class='ocrx_word' id='word_1_55' title='bbox 348 658 484 690; x_wconf 86' lang='lat' dir='ltr'>tamen</span> <span class='ocrx_word' id='word_1_56' title='bbox 505 664 590 704; x_wconf 89' lang='lat' dir='ltr'>quo</span> <span class='ocrx_word' id='word_1_57' title='bbox 616 658 751 705; x_wconf 87' lang='lat' dir='ltr'>pacto,</span> <span class='ocrx_word' id='word_1_58' title='bbox 773 649 1067 699; x_wconf 87' lang='lat' dir='ltr'>reverentiane,</span> <span class='ocrx_word' id='word_1_59' title='bbox 1090 664 1142 689; x_wconf 90' lang='lat' dir='ltr'>an</span> <span class='ocrx_word' id='word_1_60' title='bbox 1173 647 1433 696; x_wconf 85' lang='lat' dir='ltr'>conscientia,</span> <span class='ocrx_word' id='word_1_61' title='bbox 1455 662 1507 687; x_wconf 87' lang='lat' dir='ltr'>an</span> 
     </span>
     <span class='ocr_line' id='line_1_9' title="bbox 118 715 1508 773; baseline -0.001 -16"><span class='ocrx_word' id='word_1_62' title='bbox 118 717 401 773; x_wconf 81' lang='lat' dir='ltr'>desperatione</span> <span class='ocrx_word' id='word_1_63' title='bbox 421 717 618 767; x_wconf 81' lang='lat' dir='ltr'>victoriae,</span> <span class='ocrx_word' id='word_1_64' title='bbox 642 726 689 757; x_wconf 90' lang='lat' dir='ltr'>ut</span> <span class='ocrx_word' id='word_1_65' title='bbox 709 717 814 757; x_wconf 84' lang='lat' dir='ltr'>latro</span> <span class='ocrx_word' id='word_1_66' title='bbox 842 732 1020 767; x_wconf 85' lang='lat' dir='ltr'>crucem,</span> <span class='ocrx_word' id='word_1_67' title='bbox 1042 717 1100 758; x_wconf 86' lang='lat' dir='ltr'>ita</span> <span class='ocrx_word' id='word_1_68' title='bbox 1129 716 1195 757; x_wconf 89' lang='lat' dir='ltr'>isti</span> <span class='ocrx_word' id='word_1_69' title='bbox 1226 731 1385 772; x_wconf 89' lang='lat' dir='ltr'>semper</span> <span class='ocrx_word' id='word_1_70' title='bbox 1415 715 1508 756; x_wconf 91' lang='lat' dir='ltr'>hor-</span> 
     </span>
     <span class='ocr_line' id='line_1_10' title="bbox 117 783 1508 840; baseline -0.001 -15"><span class='ocrx_word' id='word_1_71' title='bbox 117 794 208 826; x_wconf 83' lang='lat' dir='ltr'>rent</span> <span class='ocrx_word' id='word_1_72' title='bbox 229 794 270 825; x_wconf 90' lang='lat' dir='ltr'>et</span> <span class='ocrx_word' id='word_1_73' title='bbox 289 785 460 840; x_wconf 89' lang='lat' dir='ltr'>fugiunt</span> <span class='ocrx_word' id='word_1_74' title='bbox 480 785 653 825; x_wconf 89' lang='lat' dir='ltr'>verbum</span> <span class='ocrx_word' id='word_1_75' title='bbox 686 785 779 825; x_wconf 87' lang='lat' dir='ltr'>Dei.</span> <span class='ocrx_word' id='word_1_76' title='bbox 842 786 990 840; x_wconf 86' lang='lat' dir='ltr'>Neque</span> <span class='ocrx_word' id='word_1_77' title='bbox 1023 784 1066 825; x_wconf 92' lang='lat' dir='ltr'>id</span> <span class='ocrx_word' id='word_1_78' title='bbox 1097 799 1192 825; x_wconf 88' lang='lat' dir='ltr'>sane</span> <span class='ocrx_word' id='word_1_79' title='bbox 1222 783 1384 824; x_wconf 84' lang='lat' dir='ltr'>mirum.</span> <span class='ocrx_word' id='word_1_80' title='bbox 1446 784 1508 823; x_wconf 88' lang='lat' dir='ltr'>Ut</span> 
     </span>
     <span class='ocr_line' id='line_1_11' title="bbox 117 851 1507 908; baseline -0.001 -16"><span class='ocrx_word' id='word_1_81' title='bbox 117 852 223 893; x_wconf 90' lang='lat' dir='ltr'>enim</span> <span class='ocrx_word' id='word_1_82' title='bbox 255 853 498 894; x_wconf 86' lang='lat' dir='ltr'>cantharum</span> <span class='ocrx_word' id='word_1_83' title='bbox 530 852 646 893; x_wconf 87' lang='lat' dir='ltr'>aiunt</span> <span class='ocrx_word' id='word_1_84' title='bbox 676 852 716 892; x_wconf 90' lang='lat' dir='ltr'>in</span> <span class='ocrx_word' id='word_1_85' title='bbox 748 852 1012 908; x_wconf 83' lang='lat' dir='ltr'>opobalsamo</span> <span class='ocrx_word' id='word_1_86' title='bbox 1041 851 1326 892; x_wconf 85' lang='lat' dir='ltr'>odoratissimo</span> <span class='ocrx_word' id='word_1_87' title='bbox 1355 851 1507 906; x_wconf 85' lang='lat' dir='ltr'>alioqui</span> 
     </span>
     <span class='ocr_line' id='line_1_12' title="bbox 118 919 1506 978; baseline -0.003 -16"><span class='ocrx_word' id='word_1_88' title='bbox 118 929 333 978; x_wconf 88' lang='lat' dir='ltr'>unguento</span> <span class='ocrx_word' id='word_1_89' title='bbox 370 921 561 962; x_wconf 85' lang='lat' dir='ltr'>facillime</span> <span class='ocrx_word' id='word_1_90' title='bbox 595 920 783 976; x_wconf 81' lang='lat' dir='ltr'>extingui</span> <span class='ocrx_word' id='word_1_91' title='bbox 819 929 945 976; x_wconf 85' lang='lat' dir='ltr'>atque</span> <span class='ocrx_word' id='word_1_92' title='bbox 975 920 1127 967; x_wconf 60' lang='lat' dir='ltr'>emori}</span> <span class='ocrx_word' id='word_1_93' title='bbox 1169 920 1226 960; x_wconf 88' lang='lat' dir='ltr'>ita</span> <span class='ocrx_word' id='word_1_94' title='bbox 1255 919 1313 959; x_wconf 89' lang='lat' dir='ltr'>illi</span> <span class='ocrx_word' id='word_1_95' title='bbox 1342 934 1506 960; x_wconf 84' lang='lat' dir='ltr'>causam</span> 
     </span>
     <span class='ocr_line' id='line_1_13' title="bbox 118 987 1503 1043; baseline -0.003 -13"><span class='ocrx_word' id='word_1_96' title='bbox 118 1005 231 1030; x_wconf 87' lang='lat' dir='ltr'>suam</span> <span class='ocrx_word' id='word_1_97' title='bbox 254 989 296 1029; x_wconf 90' lang='lat' dir='ltr'>in</span> <span class='ocrx_word' id='word_1_98' title='bbox 317 989 444 1029; x_wconf 87' lang='lat' dir='ltr'>verbo</span> <span class='ocrx_word' id='word_1_99' title='bbox 471 988 568 1038; x_wconf 83' lang='lat' dir='ltr'>Dei,</span> <span class='ocrx_word' id='word_1_100' title='bbox 592 997 789 1043; x_wconf 82' lang='lat' dir='ltr'>tanquam</span> <span class='ocrx_word' id='word_1_101' title='bbox 820 988 861 1028; x_wconf 94' lang='lat' dir='ltr'>in</span> <span class='ocrx_word' id='word_1_102' title='bbox 884 1003 1055 1038; x_wconf 84' lang='lat' dir='ltr'>veneno,</span> <span class='ocrx_word' id='word_1_103' title='bbox 1078 987 1265 1043; x_wconf 84' lang='lat' dir='ltr'>extingui</span> <span class='ocrx_word' id='word_1_104' title='bbox 1288 987 1443 1036; x_wconf 87' lang='lat' dir='ltr'>vident,</span> <span class='ocrx_word' id='word_1_105' title='bbox 1466 996 1503 1026; x_wconf 91' lang='lat' dir='ltr'>et</span> 
     </span>
     <span class='ocr_line' id='line_1_14' title="bbox 119 1057 320 1098; baseline -0.005 0"><span class='ocrx_word' id='word_1_106' title='bbox 119 1057 320 1098; x_wconf 85' lang='lat' dir='ltr'>suffocari.</span> 
     </span>
    </p>

    <p class='ocr_par' dir='ltr' id='par_1_4' title="bbox 113 1120 1505 1452">
     <span class='ocr_line' id='line_1_15' title="bbox 168 1120 1505 1181; baseline -0.003 -15"><span class='ocrx_word' id='word_1_107' title='bbox 168 1120 325 1181; x_wconf 85' lang='lat' dir='ltr'>Itaque</span> <span class='ocrx_word' id='word_1_108' title='bbox 346 1134 620 1165; x_wconf 84' lang='lat' dir='ltr'>sacrosanctas</span> <span class='ocrx_word' id='word_1_109' title='bbox 643 1124 890 1179; x_wconf 81' lang='lat' dir='ltr'>ScripturaS,</span> <span class='ocrx_word' id='word_1_110' title='bbox 907 1138 1012 1179; x_wconf 86' lang='lat' dir='ltr'>quas</span> <span class='ocrx_word' id='word_1_111' title='bbox 1032 1133 1214 1164; x_wconf 86' lang='lat' dir='ltr'>servator</span> <span class='ocrx_word' id='word_1_112' title='bbox 1228 1131 1365 1163; x_wconf 88' lang='lat' dir='ltr'>noster</span> <span class='ocrx_word' id='word_1_113' title='bbox 1380 1123 1409 1161; x_wconf 85' lang='lat' dir='ltr'>J</span> <span class='ocrx_word' id='word_1_114' title='bbox 1413 1136 1505 1162; x_wconf 87' lang='lat' dir='ltr'>esus</span> 
     </span>
     <span class='ocr_line' id='line_1_16' title="bbox 116 1189 1501 1247; baseline -0.004 -13"><span class='ocrx_word' id='word_1_115' title='bbox 116 1193 308 1235; x_wconf 88' lang='lat' dir='ltr'>Christus</span> <span class='ocrx_word' id='word_1_116' title='bbox 328 1208 409 1233; x_wconf 91' lang='lat' dir='ltr'>non</span> <span class='ocrx_word' id='word_1_117' title='bbox 433 1202 595 1233; x_wconf 85' lang='lat' dir='ltr'>tantum</span> <span class='ocrx_word' id='word_1_118' title='bbox 616 1192 656 1232; x_wconf 90' lang='lat' dir='ltr'>in</span> <span class='ocrx_word' id='word_1_119' title='bbox 679 1191 790 1232; x_wconf 91' lang='lat' dir='ltr'>omni</span> <span class='ocrx_word' id='word_1_120' title='bbox 812 1206 997 1232; x_wconf 87' lang='lat' dir='ltr'>sermone</span> <span class='ocrx_word' id='word_1_121' title='bbox 1027 1191 1257 1247; x_wconf 83' lang='lat' dir='ltr'>usurpavit,</span> <span class='ocrx_word' id='word_1_122' title='bbox 1281 1190 1350 1231; x_wconf 92' lang='lat' dir='ltr'>sed</span> <span class='ocrx_word' id='word_1_123' title='bbox 1381 1189 1501 1230; x_wconf 89' lang='lat' dir='ltr'>etiam</span> 
     </span>
     <span class='ocr_line' id='line_1_17' title="bbox 113 1256 1503 1316; baseline -0.004 -14"><span class='ocrx_word' id='word_1_124' title='bbox 113 1261 167 1302; x_wconf 88' lang='lat' dir='ltr'>ad</span> <span class='ocrx_word' id='word_1_125' title='bbox 196 1270 428 1302; x_wconf 86' lang='lat' dir='ltr'>extremum</span> <span class='ocrx_word' id='word_1_126' title='bbox 459 1260 659 1316; x_wconf 89' lang='lat' dir='ltr'>sanguine</span> <span class='ocrx_word' id='word_1_127' title='bbox 692 1275 767 1300; x_wconf 86' lang='lat' dir='ltr'>suo</span> <span class='ocrx_word' id='word_1_128' title='bbox 796 1259 1066 1315; x_wconf 84' lang='lat' dir='ltr'>consignavit,</span> <span class='ocrx_word' id='word_1_129' title='bbox 1098 1274 1183 1314; x_wconf 92' lang='lat' dir='ltr'>quo</span> <span class='ocrx_word' id='word_1_130' title='bbox 1213 1257 1416 1314; x_wconf 87' lang='lat' dir='ltr'>populum</span> <span class='ocrx_word' id='word_1_131' title='bbox 1451 1256 1503 1296; x_wconf 88' lang='lat' dir='ltr'>ab</span> 
     </span>
     <span class='ocr_line' id='line_1_18' title="bbox 114 1324 1503 1384; baseline -0.004 -15"><span class='ocrx_word' id='word_1_132' title='bbox 114 1328 206 1379; x_wconf 85' lang='lat' dir='ltr'>illis,</span> <span class='ocrx_word' id='word_1_133' title='bbox 229 1337 428 1384; x_wconf 87' lang='lat' dir='ltr'>tanquam</span> <span class='ocrx_word' id='word_1_134' title='bbox 449 1344 473 1368; x_wconf 89' lang='lat' dir='ltr'>a</span> <span class='ocrx_word' id='word_1_135' title='bbox 493 1343 536 1368; x_wconf 91' lang='lat' dir='ltr'>re</span> <span class='ocrx_word' id='word_1_136' title='bbox 557 1326 787 1383; x_wconf 82' lang='lat' dir='ltr'>periculosa</span> <span class='ocrx_word' id='word_1_137' title='bbox 807 1336 848 1367; x_wconf 89' lang='lat' dir='ltr'>et</span> <span class='ocrx_word' id='word_1_138' title='bbox 876 1326 1013 1376; x_wconf 83' lang='lat' dir='ltr'>noxia,</span> <span class='ocrx_word' id='word_1_139' title='bbox 1035 1325 1192 1367; x_wconf 88' lang='lat' dir='ltr'>minore</span> <span class='ocrx_word' id='word_1_140' title='bbox 1223 1324 1388 1381; x_wconf 86' lang='lat' dir='ltr'>negotio</span> <span class='ocrx_word' id='word_1_141' title='bbox 1418 1324 1503 1365; x_wconf 88' lang='lat' dir='ltr'>abi-</span> 
     </span>
     <span class='ocr_line' id='line_1_19' title="bbox 113 1393 1499 1452; baseline -0.004 -15"><span class='ocrx_word' id='word_1_142' title='bbox 113 1405 228 1452; x_wconf 84' lang='lat' dir='ltr'>gant,</span> <span class='ocrx_word' id='word_1_143' title='bbox 261 1397 391 1437; x_wconf 87' lang='lat' dir='ltr'>solent</span> <span class='ocrx_word' id='word_1_144' title='bbox 420 1396 578 1437; x_wconf 84' lang='lat' dir='ltr'>literam</span> <span class='ocrx_word' id='word_1_145' title='bbox 610 1395 818 1451; x_wconf 82' lang='lat' dir='ltr'>frigidam,</span> <span class='ocrx_word' id='word_1_146' title='bbox 851 1394 1062 1444; x_wconf 86' lang='lat' dir='ltr'>incertam,</span> <span class='ocrx_word' id='word_1_147' title='bbox 1094 1393 1295 1442; x_wconf 89' lang='lat' dir='ltr'>inutilem,</span> <span class='ocrx_word' id='word_1_148' title='bbox 1327 1402 1499 1441; x_wconf 86' lang='lat' dir='ltr'>mutam,</span> 
     </span>
    </p>
   </div>
   <div class='ocr_carea' id='block_1_3' title="bbox 111 1459 1498 1519">
    <p class='ocr_par' dir='ltr' id='par_1_5' title="bbox 111 1459 1498 1519">
     <span class='ocr_line' id='line_1_20' title="bbox 111 1459 1498 1519; baseline -0.005 -14"><span class='ocrx_word' id='word_1_149' title='bbox 111 1464 378 1515; x_wconf 86' lang='lat' dir='ltr'>occidentem,</span> <span class='ocrx_word' id='word_1_150' title='bbox 397 1472 603 1504; x_wconf 84' lang='lat' dir='ltr'>mortuam</span> <span class='ocrx_word' id='word_1_151' title='bbox 623 1462 848 1519; x_wconf 80' lang='lat' dir='ltr'>appellare3</span> <span class='ocrx_word' id='word_1_152' title='bbox 883 1461 997 1517; x_wconf 91' lang='lat' dir='ltr'>quod</span> <span class='ocrx_word' id='word_1_153' title='bbox 1012 1461 1130 1502; x_wconf 90' lang='lat' dir='ltr'>nobis</span> <span class='ocrx_word' id='word_1_154' title='bbox 1145 1460 1312 1516; x_wconf 88' lang='lat' dir='ltr'>quidem</span> <span class='ocrx_word' id='word_1_155' title='bbox 1328 1459 1498 1515; x_wconf 87' lang='lat' dir='ltr'>perinde</span> 
     </span>
    </p>
   </div>
   <div class='ocr_carea' id='block_1_4' title="bbox 111 1524 1692 1601">
    <p class='ocr_par' dir='ltr' id='par_1_6' title="bbox 111 1524 1692 1601">
     <span class='ocr_line' id='line_1_21' title="bbox 111 1524 1692 1601; baseline -0.004 -27"><span class='ocrx_word' id='word_1_156' title='bbox 111 1533 277 1574; x_wconf 88' lang='lat' dir='ltr'>videtur</span> <span class='ocrx_word' id='word_1_157' title='bbox 297 1548 396 1582; x_wconf 91' lang='lat' dir='ltr'>esse,</span> <span class='ocrx_word' id='word_1_158' title='bbox 419 1548 465 1573; x_wconf 85' lang='lat' dir='ltr'>ac</span> <span class='ocrx_word' id='word_1_159' title='bbox 487 1532 518 1572; x_wconf 89' lang='lat' dir='ltr'>si</span> <span class='ocrx_word' id='word_1_160' title='bbox 539 1524 606 1572; x_wconf 82' lang='lat' dir='ltr'>eas</span> <span class='ocrx_word' id='word_1_161' title='bbox 626 1530 794 1571; x_wconf 88' lang='lat' dir='ltr'>omnino</span> <span class='ocrx_word' id='word_1_162' title='bbox 814 1529 947 1570; x_wconf 85' lang='lat' dir='ltr'>nullas</span> <span class='ocrx_word' id='word_1_163' title='bbox 968 1545 1053 1570; x_wconf 87' lang='lat' dir='ltr'>esse</span> <span class='ocrx_word' id='word_1_164' title='bbox 1073 1528 1266 1570; x_wconf 87' lang='lat' dir='ltr'>dicerent.</span> <span class='ocrx_word' id='word_1_165' title='bbox 1331 1527 1411 1568; x_wconf 89' lang='lat' dir='ltr'>Sed</span> <span class='ocrx_word' id='word_1_166' title='bbox 1427 1527 1498 1568; x_wconf 85' lang='lat' dir='ltr'>ad·</span> <span class='ocrx_word' id='word_1_167' title='bbox 1511 1528 1692 1601; x_wconf 40' lang='grc' dir='ltr'>ἓῇᾟίἰιξξῑπ</span> 
     </span>
    </p>
   </div>
   <div class='ocr_carea' id='block_1_5' title="bbox 105 1596 1706 2808">
    <p class='ocr_par' dir='ltr' id='par_1_7' title="bbox 110 1596 1500 1856">
     <span class='ocr_line' id='line_1_22' title="bbox 112 1596 1498 1655; baseline -0.006 -13"><span class='ocrx_word' id='word_1_168' title='bbox 112 1601 220 1642; x_wconf 82' lang='lat' dir='ltr'>dunt</span> <span class='ocrx_word' id='word_1_169' title='bbox 239 1601 360 1641; x_wconf 89' lang='lat' dir='ltr'>etiam</span> <span class='ocrx_word' id='word_1_170' title='bbox 383 1599 512 1640; x_wconf 90' lang='lat' dir='ltr'>simile</span> <span class='ocrx_word' id='word_1_171' title='bbox 533 1598 742 1655; x_wconf 90' lang='lat' dir='ltr'>quoddam</span> <span class='ocrx_word' id='word_1_172' title='bbox 766 1613 847 1639; x_wconf 91' lang='lat' dir='ltr'>non</span> <span class='ocrx_word' id='word_1_173' title='bbox 869 1596 1152 1653; x_wconf 82' lang='lat' dir='ltr'>aptissimum3</span> <span class='ocrx_word' id='word_1_174' title='bbox 1184 1610 1251 1636; x_wconf 88' lang='lat' dir='ltr'>eas</span> <span class='ocrx_word' id='word_1_175' title='bbox 1281 1610 1366 1635; x_wconf 88' lang='lat' dir='ltr'>esse</span> <span class='ocrx_word' id='word_1_176' title='bbox 1396 1610 1498 1650; x_wconf 90' lang='lat' dir='ltr'>quo-</span> 
     </span>
     <span class='ocr_line' id='line_1_23' title="bbox 111 1663 1500 1722; baseline -0.006 -12"><span class='ocrx_word' id='word_1_177' title='bbox 111 1669 333 1710; x_wconf 85' lang='lat' dir='ltr'>dammodo</span> <span class='ocrx_word' id='word_1_178' title='bbox 354 1683 498 1709; x_wconf 89' lang='lat' dir='ltr'>nasum</span> <span class='ocrx_word' id='word_1_179' title='bbox 520 1682 697 1716; x_wconf 90' lang='lat' dir='ltr'>cereum,</span> <span class='ocrx_word' id='word_1_180' title='bbox 720 1681 838 1722; x_wconf 89' lang='lat' dir='ltr'>posse</span> <span class='ocrx_word' id='word_1_181' title='bbox 859 1664 960 1721; x_wconf 87' lang='lat' dir='ltr'>fingi</span> <span class='ocrx_word' id='word_1_182' title='bbox 979 1664 1171 1719; x_wconf 87' lang='lat' dir='ltr'>flectique</span> <span class='ocrx_word' id='word_1_183' title='bbox 1190 1663 1233 1703; x_wconf 90' lang='lat' dir='ltr'>in</span> <span class='ocrx_word' id='word_1_184' title='bbox 1254 1677 1394 1703; x_wconf 90' lang='lat' dir='ltr'>omnes</span> <span class='ocrx_word' id='word_1_185' title='bbox 1414 1677 1500 1702; x_wconf 90' lang='lat' dir='ltr'>mo-</span> 
     </span>
     <span class='ocr_line' id='line_1_24' title="bbox 110 1730 1498 1787; baseline -0.006 -10"><span class='ocrx_word' id='word_1_186' title='bbox 110 1737 199 1787; x_wconf 87' lang='lat' dir='ltr'>dos,</span> <span class='ocrx_word' id='word_1_187' title='bbox 221 1745 262 1777; x_wconf 88' lang='lat' dir='ltr'>et</span> <span class='ocrx_word' id='word_1_188' title='bbox 282 1736 468 1777; x_wconf 91' lang='lat' dir='ltr'>omnium</span> <span class='ocrx_word' id='word_1_189' title='bbox 489 1734 677 1775; x_wconf 86' lang='lat' dir='ltr'>instituto</span> <span class='ocrx_word' id='word_1_190' title='bbox 697 1733 902 1774; x_wconf 88' lang='lat' dir='ltr'>inservire.</span> <span class='ocrx_word' id='word_1_191' title='bbox 964 1734 1037 1772; x_wconf 90' lang='lat' dir='ltr'>An</span> <span class='ocrx_word' id='word_1_192' title='bbox 1060 1730 1255 1772; x_wconf 81' lang='lat' dir='ltr'>Pontifex</span> <span class='ocrx_word' id='word_1_193' title='bbox 1276 1730 1353 1770; x_wconf 86' lang='lat' dir='ltr'>ista</span> <span class='ocrx_word' id='word_1_194' title='bbox 1373 1745 1397 1770; x_wconf 92' lang='lat' dir='ltr'>a</span> <span class='ocrx_word' id='word_1_195' title='bbox 1416 1730 1498 1771; x_wconf 90' lang='lat' dir='ltr'>suis</span> 
     </span>
     <span class='ocr_line' id='line_1_25' title="bbox 111 1797 1409 1856; baseline -0.007 -10"><span class='ocrx_word' id='word_1_196' title='bbox 111 1805 190 1846; x_wconf 90' lang='lat' dir='ltr'>dici</span> <span class='ocrx_word' id='word_1_197' title='bbox 212 1804 368 1845; x_wconf 86' lang='lat' dir='ltr'>nescit?</span> <span class='ocrx_word' id='word_1_198' title='bbox 405 1805 494 1844; x_wconf 88' lang='lat' dir='ltr'>Aut</span> <span class='ocrx_word' id='word_1_199' title='bbox 515 1802 615 1843; x_wconf 85' lang='lat' dir='ltr'>tales</span> <span class='ocrx_word' id='word_1_200' title='bbox 637 1817 678 1842; x_wconf 91' lang='lat' dir='ltr'>se</span> <span class='ocrx_word' id='word_1_201' title='bbox 699 1802 849 1842; x_wconf 88' lang='lat' dir='ltr'>habere</span> <span class='ocrx_word' id='word_1_202' title='bbox 869 1809 1064 1856; x_wconf 86' lang='lat' dir='ltr'>patronos</span> <span class='ocrx_word' id='word_1_203' title='bbox 1086 1813 1165 1839; x_wconf 92' lang='lat' dir='ltr'>non</span> <span class='ocrx_word' id='word_1_204' title='bbox 1188 1797 1409 1853; x_wconf 85' lang='lat' dir='ltr'>intelligit?</span> 
     </span>
    </p>

    <p class='ocr_par' dir='ltr' id='par_1_8' title="bbox 108 1865 1497 2396">
     <span class='ocr_line' id='line_1_26' title="bbox 169 1865 1497 1927; baseline -0.006 -14"><span class='ocrx_word' id='word_1_205' title='bbox 169 1871 330 1913; x_wconf 87' lang='lat' dir='ltr'>Audiat</span> <span class='ocrx_word' id='word_1_206' title='bbox 350 1887 449 1927; x_wconf 89' lang='lat' dir='ltr'>ergo</span> <span class='ocrx_word' id='word_1_207' title='bbox 469 1885 594 1926; x_wconf 85' lang='lat' dir='ltr'>quam</span> <span class='ocrx_word' id='word_1_208' title='bbox 616 1878 766 1919; x_wconf 88' lang='lat' dir='ltr'>sancte,</span> <span class='ocrx_word' id='word_1_209' title='bbox 789 1882 1000 1924; x_wconf 88' lang='lat' dir='ltr'>quamque</span> <span class='ocrx_word' id='word_1_210' title='bbox 1018 1866 1086 1923; x_wconf 89' lang='lat' dir='ltr'>pie</span> <span class='ocrx_word' id='word_1_211' title='bbox 1106 1866 1157 1907; x_wconf 91' lang='lat' dir='ltr'>de</span> <span class='ocrx_word' id='word_1_212' title='bbox 1177 1865 1254 1906; x_wconf 87' lang='lat' dir='ltr'>hac</span> <span class='ocrx_word' id='word_1_213' title='bbox 1278 1881 1321 1906; x_wconf 91' lang='lat' dir='ltr'>re</span> <span class='ocrx_word' id='word_1_214' title='bbox 1349 1865 1497 1906; x_wconf 89' lang='lat' dir='ltr'>scribat</span> 
     </span>
     <span class='ocr_line' id='line_1_27' title="bbox 113 1933 1495 1995; baseline -0.006 -14"><span class='ocrx_word' id='word_1_215' title='bbox 113 1940 270 1981; x_wconf 89' lang='lat' dir='ltr'>Hosius</span> <span class='ocrx_word' id='word_1_216' title='bbox 290 1939 475 1995; x_wconf 86' lang='lat' dir='ltr'>quidam,</span> <span class='ocrx_word' id='word_1_217' title='bbox 499 1938 697 1987; x_wconf 86' lang='lat' dir='ltr'>Polonus,</span> <span class='ocrx_word' id='word_1_218' title='bbox 720 1946 767 1978; x_wconf 94' lang='lat' dir='ltr'>ut</span> <span class='ocrx_word' id='word_1_219' title='bbox 787 1936 873 1992; x_wconf 91' lang='lat' dir='ltr'>ipse</span> <span class='ocrx_word' id='word_1_220' title='bbox 895 1936 946 1976; x_wconf 93' lang='lat' dir='ltr'>de</span> <span class='ocrx_word' id='word_1_221' title='bbox 968 1951 1009 1976; x_wconf 89' lang='lat' dir='ltr'>se</span> <span class='ocrx_word' id='word_1_222' title='bbox 1038 1943 1226 1985; x_wconf 84' lang='lat' dir='ltr'>testatur,</span> <span class='ocrx_word' id='word_1_223' title='bbox 1246 1933 1495 1989; x_wconf 83' lang='lat' dir='ltr'>Episcopus,</span> 
     </span>
     <span class='ocr_line' id='line_1_28' title="bbox 108 2000 1497 2056; baseline -0.006 -7"><span class='ocrx_word' id='word_1_224' title='bbox 108 2017 217 2049; x_wconf 82' lang='lat' dir='ltr'>certe</span> <span class='ocrx_word' id='word_1_225' title='bbox 236 2008 361 2048; x_wconf 87' lang='lat' dir='ltr'>homo</span> <span class='ocrx_word' id='word_1_226' title='bbox 381 2007 572 2056; x_wconf 85' lang='lat' dir='ltr'>disertus,</span> <span class='ocrx_word' id='word_1_227' title='bbox 593 2015 634 2047; x_wconf 92' lang='lat' dir='ltr'>et</span> <span class='ocrx_word' id='word_1_228' title='bbox 655 2021 736 2046; x_wconf 92' lang='lat' dir='ltr'>non</span> <span class='ocrx_word' id='word_1_229' title='bbox 756 2004 960 2052; x_wconf 80' lang='lat' dir='ltr'>indoctus,</span> <span class='ocrx_word' id='word_1_230' title='bbox 982 2013 1023 2044; x_wconf 91' lang='lat' dir='ltr'>et</span> <span class='ocrx_word' id='word_1_231' title='bbox 1043 2002 1263 2043; x_wconf 88' lang='lat' dir='ltr'>acerrimus</span> <span class='ocrx_word' id='word_1_232' title='bbox 1290 2016 1337 2041; x_wconf 86' lang='lat' dir='ltr'>ac</span> <span class='ocrx_word' id='word_1_233' title='bbox 1363 2000 1497 2041; x_wconf 89' lang='lat' dir='ltr'>fortis-</span> 
     </span>
     <span class='ocr_line' id='line_1_29' title="bbox 109 2068 1493 2131; baseline -0.007 -15"><span class='ocrx_word' id='word_1_234' title='bbox 109 2076 234 2116; x_wconf 88' lang='lat' dir='ltr'>simus</span> <span class='ocrx_word' id='word_1_235' title='bbox 255 2084 541 2131; x_wconf 84' lang='lat' dir='ltr'>propugnator</span> <span class='ocrx_word' id='word_1_236' title='bbox 561 2075 595 2130; x_wconf 88' lang='lat' dir='ltr'>ej</span> <span class='ocrx_word' id='word_1_237' title='bbox 603 2089 651 2115; x_wconf 90' lang='lat' dir='ltr'>us</span> <span class='ocrx_word' id='word_1_238' title='bbox 673 2088 818 2114; x_wconf 76' lang='lat' dir='ltr'>causae.</span> <span class='ocrx_word' id='word_1_239' title='bbox 876 2069 1104 2111; x_wconf 90' lang='lat' dir='ltr'>Mirabitur</span> <span class='ocrx_word' id='word_1_240' title='bbox 1124 2069 1269 2125; x_wconf 89' lang='lat' dir='ltr'>opinor</span> <span class='ocrx_word' id='word_1_241' title='bbox 1288 2068 1493 2109; x_wconf 86' lang='lat' dir='ltr'>hominem</span> 
     </span>
     <span class='ocr_line' id='line_1_30' title="bbox 108 2135 1493 2200; baseline -0.008 -15"><span class='ocrx_word' id='word_1_242' title='bbox 108 2144 224 2200; x_wconf 87' lang='lat' dir='ltr'>pium</span> <span class='ocrx_word' id='word_1_243' title='bbox 245 2143 297 2184; x_wconf 91' lang='lat' dir='ltr'>de</span> <span class='ocrx_word' id='word_1_244' title='bbox 316 2142 395 2183; x_wconf 91' lang='lat' dir='ltr'>illis</span> <span class='ocrx_word' id='word_1_245' title='bbox 414 2143 597 2191; x_wconf 85' lang='lat' dir='ltr'>vocibus,</span> <span class='ocrx_word' id='word_1_246' title='bbox 620 2157 724 2197; x_wconf 88' lang='lat' dir='ltr'>quas</span> <span class='ocrx_word' id='word_1_247' title='bbox 751 2140 870 2181; x_wconf 89' lang='lat' dir='ltr'>sciret</span> <span class='ocrx_word' id='word_1_248' title='bbox 896 2138 1100 2194; x_wconf 89' lang='lat' dir='ltr'>profectas</span> <span class='ocrx_word' id='word_1_249' title='bbox 1130 2138 1182 2178; x_wconf 89' lang='lat' dir='ltr'>ab</span> <span class='ocrx_word' id='word_1_250' title='bbox 1212 2152 1281 2177; x_wconf 89' lang='lat' dir='ltr'>ore</span> <span class='ocrx_word' id='word_1_251' title='bbox 1313 2135 1408 2186; x_wconf 89' lang='lat' dir='ltr'>Dei,</span> <span class='ocrx_word' id='word_1_252' title='bbox 1430 2135 1493 2175; x_wconf 86' lang='lat' dir='ltr'>vel</span> 
     </span>
     <span class='ocr_line' id='line_1_31' title="bbox 110 2203 1494 2267; baseline -0.007 -15"><span class='ocrx_word' id='word_1_253' title='bbox 110 2221 192 2252; x_wconf 85' lang='lat' dir='ltr'>tam</span> <span class='ocrx_word' id='word_1_254' title='bbox 214 2211 338 2267; x_wconf 90' lang='lat' dir='ltr'>impie</span> <span class='ocrx_word' id='word_1_255' title='bbox 359 2210 507 2251; x_wconf 88' lang='lat' dir='ltr'>sentire</span> <span class='ocrx_word' id='word_1_256' title='bbox 527 2210 722 2266; x_wconf 88' lang='lat' dir='ltr'>potuisse,</span> <span class='ocrx_word' id='word_1_257' title='bbox 741 2208 804 2249; x_wconf 90' lang='lat' dir='ltr'>vel</span> <span class='ocrx_word' id='word_1_258' title='bbox 826 2217 908 2248; x_wconf 84' lang='lat' dir='ltr'>tam</span> <span class='ocrx_word' id='word_1_259' title='bbox 925 2204 1216 2247; x_wconf 89' lang='lat' dir='ltr'>contumeliose</span> <span class='ocrx_word' id='word_1_260' title='bbox 1232 2203 1419 2253; x_wconf 89' lang='lat' dir='ltr'>scribere,</span> <span class='ocrx_word' id='word_1_261' title='bbox 1437 2203 1494 2243; x_wconf 88' lang='lat' dir='ltr'>ita</span> 
     </span>
     <span class='ocr_line' id='line_1_32' title="bbox 110 2270 1493 2333; baseline -0.008 -13"><span class='ocrx_word' id='word_1_262' title='bbox 110 2278 350 2333; x_wconf 83' lang='lat' dir='ltr'>praesertim,</span> <span class='ocrx_word' id='word_1_263' title='bbox 374 2286 421 2319; x_wconf 89' lang='lat' dir='ltr'>ut</span> <span class='ocrx_word' id='word_1_264' title='bbox 440 2293 528 2319; x_wconf 88' lang='lat' dir='ltr'>eam</span> <span class='ocrx_word' id='word_1_265' title='bbox 552 2276 793 2318; x_wconf 81' lang='lat' dir='ltr'>sententiani</span> <span class='ocrx_word' id='word_1_266' title='bbox 817 2290 897 2316; x_wconf 89' lang='lat' dir='ltr'>non</span> <span class='ocrx_word' id='word_1_267' title='bbox 920 2289 1035 2315; x_wconf 88' lang='lat' dir='ltr'>suam</span> <span class='ocrx_word' id='word_1_268' title='bbox 1057 2272 1179 2313; x_wconf 87' lang='lat' dir='ltr'>unius</span> <span class='ocrx_word' id='word_1_269' title='bbox 1206 2270 1413 2327; x_wconf 85' lang='lat' dir='ltr'>propriam</span> <span class='ocrx_word' id='word_1_270' title='bbox 1435 2270 1493 2310; x_wconf 93' lang='lat' dir='ltr'>vi-</span> 
     </span>
     <span class='ocr_line' id='line_1_33' title="bbox 108 2340 1143 2396; baseline -0.007 -9"><span class='ocrx_word' id='word_1_271' title='bbox 108 2346 196 2386; x_wconf 82' lang='lat' dir='ltr'>deri</span> <span class='ocrx_word' id='word_1_272' title='bbox 216 2346 353 2396; x_wconf 91' lang='lat' dir='ltr'>vellet,</span> <span class='ocrx_word' id='word_1_273' title='bbox 377 2346 447 2387; x_wconf 90' lang='lat' dir='ltr'>sed</span> <span class='ocrx_word' id='word_1_274' title='bbox 467 2346 640 2386; x_wconf 89' lang='lat' dir='ltr'>istorum</span> <span class='ocrx_word' id='word_1_275' title='bbox 662 2357 924 2385; x_wconf 87' lang='lat' dir='ltr'>communem</span> <span class='ocrx_word' id='word_1_276' title='bbox 944 2340 1143 2382; x_wconf 87' lang='lat' dir='ltr'>omnium.</span> 
     </span>
    </p>

    <p class='ocr_par' dir='ltr' id='par_1_9' title="bbox 105 2405 1706 2808">
     <span class='ocr_line' id='line_1_34' title="bbox 165 2405 1706 2469; baseline -0.008 -14"><span class='ocrx_word' id='word_1_277' title='bbox 165 2415 267 2463; x_wconf 85' lang='lat' dir='ltr'>Nos,</span> <span class='ocrx_word' id='word_1_278' title='bbox 289 2414 437 2469; x_wconf 88' lang='lat' dir='ltr'>inquit,</span> <span class='ocrx_word' id='word_1_279' title='bbox 460 2414 568 2469; x_wconf 89' lang='lat' dir='ltr'>ipsas</span> <span class='ocrx_word' id='word_1_280' title='bbox 591 2412 836 2467; x_wconf 82' lang='lat' dir='ltr'>Scripturas,</span> <span class='ocrx_word' id='word_1_281' title='bbox 859 2423 1037 2465; x_wconf 86' lang='lat' dir='ltr'>quarum</span> <span class='ocrx_word' id='word_1_282' title='bbox 1058 2417 1119 2448; x_wconf 86' lang='lat' dir='ltr'>tot</span> <span class='ocrx_word' id='word_1_283' title='bbox 1133 2407 1221 2462; x_wconf 86' lang='lat' dir='ltr'>jam</span> <span class='ocrx_word' id='word_1_284' title='bbox 1249 2420 1330 2446; x_wconf 90' lang='lat' dir='ltr'>non</span> <span class='ocrx_word' id='word_1_285' title='bbox 1359 2405 1492 2446; x_wconf 86' lang='lat' dir='ltr'>diver·</span> <span class='ocrx_word' id='word_1_286' title='bbox 1505 2413 1581 2461; x_wconf 61' lang='lat' dir='ltr'>Haep</span> <span class='ocrx_word' id='word_1_287' title='bbox 1595 2414 1706 2443; x_wconf 79' lang='lat' dir='ltr'>Hosius</span> 
     </span>
     <span class='ocr_line' id='line_1_35' title="bbox 108 2456 1706 2536; baseline -0.005 -15"><span class='ocrx_word' id='word_1_288' title='bbox 108 2496 170 2521; x_wconf 84' lang='lat' dir='ltr'>sas</span> <span class='ocrx_word' id='word_1_289' title='bbox 190 2480 329 2531; x_wconf 88' lang='lat' dir='ltr'>modo,</span> <span class='ocrx_word' id='word_1_290' title='bbox 351 2480 421 2521; x_wconf 91' lang='lat' dir='ltr'>sed</span> <span class='ocrx_word' id='word_1_291' title='bbox 442 2480 565 2521; x_wconf 88' lang='lat' dir='ltr'>etiam</span> <span class='ocrx_word' id='word_1_292' title='bbox 592 2478 814 2520; x_wconf 85' lang='lat' dir='ltr'>contrarias</span> <span class='ocrx_word' id='word_1_293' title='bbox 842 2474 1197 2531; x_wconf 85' lang='lat' dir='ltr'>interpretationes</span> <span class='ocrx_word' id='word_1_294' title='bbox 1226 2472 1361 2513; x_wconf 84' lang='lat' dir='ltr'>afferri</span> <span class='ocrx_word' id='word_1_295' title='bbox 1380 2473 1492 2514; x_wconf 88' lang='lat' dir='ltr'>vide-</span> <span class='ocrx_word' id='word_1_296' title='bbox 1503 2456 1706 2536; x_wconf 41' lang='grc' dir='ltr'>ἒῗέζξοξιξιῗο</span> 
     </span>
     <span class='ocr_line' id='line_1_36' title="bbox 106 2541 1703 2613; baseline -0.006 -24"><span class='ocrx_word' id='word_1_297' title='bbox 106 2563 213 2598; x_wconf 88' lang='lat' dir='ltr'>mus,</span> <span class='ocrx_word' id='word_1_298' title='bbox 235 2549 430 2589; x_wconf 87' lang='lat' dir='ltr'>facessere</span> <span class='ocrx_word' id='word_1_299' title='bbox 445 2546 699 2603; x_wconf 80' lang='lat' dir='ltr'>jubebimus,</span> <span class='ocrx_word' id='word_1_300' title='bbox 717 2555 758 2586; x_wconf 92' lang='lat' dir='ltr'>et</span> <span class='ocrx_word' id='word_1_301' title='bbox 778 2546 915 2585; x_wconf 89' lang='lat' dir='ltr'>Deum</span> <span class='ocrx_word' id='word_1_302' title='bbox 938 2543 1173 2598; x_wconf 90' lang='lat' dir='ltr'>loquentem</span> <span class='ocrx_word' id='word_1_303' title='bbox 1195 2541 1336 2596; x_wconf 90' lang='lat' dir='ltr'>potius</span> <span class='ocrx_word' id='word_1_304' title='bbox 1351 2541 1490 2582; x_wconf 84' lang='lat' dir='ltr'>audie-</span> <span class='ocrx_word' id='word_1_305' title='bbox 1501 2541 1573 2611; x_wconf 47' lang='grc' dir='ltr'>ἓξὲξ</span> <span class='ocrx_word' id='word_1_306' title='bbox 1590 2544 1640 2612; x_wconf 58' lang='lat' dir='ltr'>Ssstd</span> <span class='ocrx_word' id='word_1_307' title='bbox 1657 2552 1703 2613; x_wconf 45' lang='lat'>³8¹3</span> 
     </span>
     <span class='ocr_line' id='line_1_37' title="bbox 106 2594 1703 2672; baseline -0.004 -15"><span class='ocrx_word' id='word_1_308' title='bbox 106 2631 212 2667; x_wconf 74' lang='lat' dir='ltr'>mUS,</span> <span class='ocrx_word' id='word_1_309' title='bbox 234 2631 376 2672; x_wconf 89' lang='lat' dir='ltr'>quam,</span> <span class='ocrx_word' id='word_1_310' title='bbox 398 2624 445 2656; x_wconf 91' lang='lat' dir='ltr'>ut</span> <span class='ocrx_word' id='word_1_311' title='bbox 465 2614 517 2655; x_wconf 86' lang='lat' dir='ltr'>ad</span> <span class='ocrx_word' id='word_1_312' title='bbox 538 2629 667 2670; x_wconf 89' lang='lat' dir='ltr'>egena</span> <span class='ocrx_word' id='word_1_313' title='bbox 693 2613 770 2653; x_wconf 89' lang='lat' dir='ltr'>ista</span> <span class='ocrx_word' id='word_1_314' title='bbox 794 2612 994 2652; x_wconf 85' lang='lat' dir='ltr'>elementa</span> <span class='ocrx_word' id='word_1_315' title='bbox 1024 2625 1097 2650; x_wconf 86' lang='lat' dir='ltr'>nos</span> <span class='ocrx_word' id='word_1_316' title='bbox 1126 2618 1425 2658; x_wconf 59' lang='lat' dir='ltr'>comm-mmm,</span> <span class='ocrx_word' id='word_1_317' title='bbox 1448 2617 1487 2649; x_wconf 81' lang='lat' dir='ltr'>et</span> <span class='ocrx_word' id='word_1_318' title='bbox 1500 2594 1703 2665; x_wconf 40' lang='lat' dir='ltr'>altefniispsell-</span> 
     </span>
     <span class='ocr_line' id='line_1_38' title="bbox 105 2676 1701 2750; baseline -0.006 -25"><span class='ocrx_word' id='word_1_319' title='bbox 105 2684 145 2724; x_wconf 90' lang='lat' dir='ltr'>in</span> <span class='ocrx_word' id='word_1_320' title='bbox 166 2684 244 2725; x_wconf 90' lang='lat' dir='ltr'>illis</span> <span class='ocrx_word' id='word_1_321' title='bbox 266 2684 438 2725; x_wconf 88' lang='lat' dir='ltr'>salutem</span> <span class='ocrx_word' id='word_1_322' title='bbox 463 2692 643 2723; x_wconf 87' lang='lat' dir='ltr'>nostram</span> <span class='ocrx_word' id='word_1_323' title='bbox 671 2681 979 2721; x_wconf 87' lang='lat' dir='ltr'>constituamus.</span> <span class='ocrx_word' id='word_1_324' title='bbox 1041 2679 1138 2719; x_wconf 88' lang='lat' dir='ltr'>Non</span> <span class='ocrx_word' id='word_1_325' title='bbox 1168 2685 1329 2734; x_wconf 88' lang='lat' dir='ltr'>oportet</span> <span class='ocrx_word' id='word_1_326' title='bbox 1361 2676 1487 2732; x_wconf 90' lang='lat' dir='ltr'>Legis</span> <span class='ocrx_word' id='word_1_327' title='bbox 1498 2677 1701 2750; x_wconf 48' lang='grc' dir='ltr'>ῗῗζῑζῖἓῑὲζέ]</span> 
     </span>
     <span class='ocr_line' id='line_1_39' title="bbox 105 2746 1698 2808; baseline -0.005 -17"><span class='ocrx_word' id='word_1_328' title='bbox 105 2762 143 2792; x_wconf 83' lang='lat' dir='ltr'>et</span> <span class='ocrx_word' id='word_1_329' title='bbox 168 2752 391 2808; x_wconf 83' lang='lat' dir='ltr'>Scripturae</span> <span class='ocrx_word' id='word_1_330' title='bbox 411 2750 590 2807; x_wconf 85' lang='lat' dir='ltr'>peritum</span> <span class='ocrx_word' id='word_1_331' title='bbox 615 2764 714 2799; x_wconf 85' lang='lat' dir='ltr'>esse,</span> <span class='ocrx_word' id='word_1_332' title='bbox 738 2748 807 2789; x_wconf 85' lang='lat' dir='ltr'>sed</span> <span class='ocrx_word' id='word_1_333' title='bbox 838 2763 862 2788; x_wconf 88' lang='lat' dir='ltr'>a</span> <span class='ocrx_word' id='word_1_334' title='bbox 894 2747 985 2788; x_wconf 88' lang='lat' dir='ltr'>Deo</span> <span class='ocrx_word' id='word_1_335' title='bbox 1014 2746 1194 2787; x_wconf 90' lang='lat' dir='ltr'>doctum.</span> <span class='ocrx_word' id='word_1_336' title='bbox 1257 2746 1396 2785; x_wconf 89' lang='lat' dir='ltr'>Vanus</span> <span class='ocrx_word' id='word_1_337' title='bbox 1427 2752 1698 2791; x_wconf 72' lang='lat' dir='ltr'>estnliaseade111,</span> 
     </span>
    </p>
   </div>
  </div>
 </body>
</html>
