1799 3077
428 116 664 158 NOELLI
698 114 1162 156 CATECHISMUS.
1407 119 1490 160 235

102 231 230 273 nativi
250 229 418 271 luminis
444 230 607 286 fulgore
633 228 826 270 illustrati
854 227 948 279 sint,
970 228 1013 268 in
1042 226 1224 268 maxima
1254 236 1390 270 tamen
1421 230 1494 271 ho-

102 300 262 341 minum
282 306 401 355 parte
420 298 479 339 ita
497 297 739 338 restinctum
760 306 822 338 est
842 297 920 337 11οο
939 296 1095 346 lumen,
1117 305 1166 337 ut
1194 296 1228 352 ej
1237 312 1284 337 us
1302 296 1372 337 vix
1400 297 1495 339 ullae

104 366 336 410 scintillulae
371 365 686 422 conspiciantur.
749 365 956 421 Adeoque
991 373 1135 405 contra
1164 363 1304 405 divina
1333 365 1497 406 decreta

105 445 230 492 atque
251 435 384 476 edicta
402 433 443 474 in
466 434 544 474 hac
564 432 794 489 conscripta
816 434 946 488 Lege,
968 448 1064 488 quae
1085 446 1265 472 amorem
1286 431 1328 472 in
1356 433 1497 473 Deum

104 514 229 560 atque
245 502 431 544 homines
448 516 655 542 summum
672 501 840 557 jubent,
859 501 941 542 Dei
958 500 1106 556 satque
1122 499 1338 541 hominum
1356 500 1498 541 odium

105 587 197 613 acre
217 571 383 628 penitus
410 580 472 611 est
501 569 729 610 multorum
761 569 908 610 animis
936 569 1136 616 insitum3
1169 568 1281 609 unde
1312 578 1427 610 tanta
1457 569 1499 609 in

107 641 247 681 Deum
268 639 472 695 impietas,
495 648 579 679 tam
601 637 757 678 hostilis
775 637 997 678 crudelitas
1017 637 1058 678 in
1079 636 1278 678 homines.

166 710 230 748 M.
269 707 396 748 Unde
436 708 484 748 fit
517 706 631 762 quod
666 707 785 747 Deus
818 705 995 746 voluerit
1030 720 1120 746 eam
1158 704 1202 745 in
1242 703 1395 745 tabulis
1433 703 1503 745 de-

111 775 263 816 scribi?

166 844 225 883 A.
258 841 430 883 Dicam:
476 841 624 896 Imago
656 839 770 881 gDei
806 840 848 880 in
889 839 1055 881 homine
1093 848 1188 896 post
1219 839 1376 881 Adami
1416 840 1503 896 lap-

110 925 217 961 sum,
248 909 388 950 nativo
423 908 547 958 malo,
579 917 620 948 et
654 907 953 949 consuetudine
988 923 1118 963 prava
1153 907 1256 948 adeo
1286 907 1504 948 obscurata

111 988 185 1029 est,
208 987 248 1019 et
268 977 476 1034 judicium
501 976 688 1017 naturale
709 976 813 1017 adeo
832 976 1039 1025 vitiatum,
1059 984 1108 1017 ut
1138 976 1262 1017 homo
1292 991 1377 1016 non
1409 976 1505 1017 satis

111 1047 327 1103 intelligat,
350 1046 569 1087 honestum
591 1045 706 1101 turpi
726 1045 829 1101 quid
847 1044 1021 1095 intersit,
1043 1059 1118 1086 nec
1143 1045 1306 1101 justum
1337 1044 1503 1100 injusto.

114 1117 223 1156 Eam
253 1115 393 1170 itaque
422 1113 643 1170 imaginem
671 1113 812 1154 volens
841 1113 1046 1169 benignus
1077 1114 1196 1154 Deus
1225 1112 1268 1153 in
1298 1112 1416 1153 nobis
1445 1128 1506 1153 re-

114 1199 279 1233 novare,
313 1197 387 1239 per
424 1183 578 1237 Legem
613 1181 656 1221 in
693 1181 844 1222 tabulis
879 1181 1127 1237 descriptam
1159 1181 1388 1237 hperfectae
1417 1181 1506 1236 jus-

114 1252 215 1293 titiae
244 1251 431 1307 regulam
462 1249 690 1307 expressit;
731 1250 835 1291 adeo
864 1249 1034 1306 quidem
1065 1249 1119 1290 ad
1144 1249 1301 1299 vivum,
1328 1258 1375 1290 ut
1406 1249 1507 1290 nihil

115 1335 140 1361 a
166 1319 284 1361 nobis
310 1318 424 1359 aliud
455 1317 638 1374 requirat
669 1319 801 1367 Deus,
823 1317 899 1358 nisi
930 1327 978 1358 ut
1007 1333 1096 1358 eam
1129 1332 1365 1372 sequamur.
1425 1318 1508 1358 Ne-

115 1403 198 1444 que
244 1387 351 1428 enim
398 1386 511 1428 aliud
555 1385 623 1427 ille
663 1385 905 1426 sacrificium
945 1395 1160 1442 acceptum
1200 1385 1339 1435 habet,
1381 1399 1506 1440 quarn

89 1469 98 1483 t
116 1456 124 1484 ἰ
141 1455 441 1502 obedientiam3
476 1463 517 1495 et
543 1453 717 1510 proinde
744 1468 914 1494 exosum
942 1453 999 1493 illi
1030 1463 1104 1504 est,
1127 1452 1329 1509 quicquid
1358 1461 1509 1508 praeter

117 1524 207 1580 ejus
227 1522 513 1580 praescriptum
534 1521 576 1562 in
598 1521 831 1577 Religione,
853 1531 927 1563 aut
953 1521 1117 1578 pietatis
1147 1521 1313 1578 negotio
1343 1520 1510 1577 suscipi-

118 1607 224 1633 mus.

179 1661 242 1701 M.
276 1661 432 1700 Verum
452 1673 584 1714 quum
605 1657 707 1698 nihil
732 1658 783 1699 de
810 1659 972 1714 privata
1001 1659 1206 1714 cujusque
1226 1658 1438 1700 vocatione
1468 1660 1510 1699 in

119 1729 196 1770 hac
219 1729 334 1784 Lege
354 1726 633 1784 praecipiatur,
655 1727 866 1783 quomodo
886 1737 1022 1784 potest
1041 1727 1130 1768 haec
1147 1727 1243 1769 vitae
1263 1727 1408 1784 regula
1426 1743 1511 1768 esse

122 1796 304 1853 perfecta
317 1797 333 1835 ?

179 1866 234 1905 A.
268 1865 331 1905 Ut
351 1862 453 1903 nihil
473 1862 524 1903 de
545 1862 801 1919 singulorum
823 1862 964 1903 officiis
984 1862 1051 1903 hic
1071 1862 1274 1919 explicate
1300 1862 1513 1920 praecipia-

123 1943 205 1983 tur,
228 1947 360 1988 quum
381 1940 517 1972 tamen
548 1931 660 1986 quod
690 1946 811 1971 suum
843 1940 903 1972 est
933 1931 1084 1986 cuique
1104 1930 1313 1971 kreddere
1343 1946 1416 1971 nos
1446 1930 1512 1971 lex

117 2001 278 2057 jubeat,
300 2000 343 2040 in
365 2015 525 2040 summa
545 1999 713 2055 colligit,
736 2014 832 2055 quae
863 1999 943 2039 sint
970 1999 1172 2055 cujusque
1202 1998 1245 2039 in
1275 2014 1349 2040 suo
1379 1998 1513 2055 priva-

125 2069 199 2110 tim
229 2068 384 2118 ordine,
410 2083 456 2108 ac
477 2067 573 2108 vitae
604 2082 754 2123 genere
783 2076 920 2122 partes
950 2075 1076 2122 atque
1106 2066 1248 2107 officia.
1311 2066 1395 2106 Hic
1417 2081 1514 2107 vero

125 2137 332 2178 Dominus
352 2136 531 2178 breviter
551 2145 589 2177 et
618 2135 853 2177 summatim
881 2135 1022 2191 paucis
1052 2134 1293 2190 complexus
1322 2143 1396 2184 est,
1419 2150 1514 2190 quae

125 2214 268 2246 extant
288 2205 437 2260 passim
460 2205 499 2244 in
524 2203 759 2260 Scripturis,
783 2203 834 2244 de
865 2203 1122 2259 singulorum
1153 2202 1307 2254 officiis,
1328 2202 1516 2258 singulis-

126 2288 207 2329 que
230 2272 444 2328 praeceptis
464 2272 794 2327 explicatissima.

187 2342 249 2380 M.
274 2342 415 2390 Quum
436 2355 535 2396 ergo
554 2340 729 2381 formam
758 2339 834 2380 rite
864 2338 1024 2379 colendi
1055 2338 1135 2378 Dei
1165 2338 1389 2393 perfectam
1422 2339 1514 2379 Lex

128 2407 331 2457 ostendat,
353 2423 488 2449 nonne
509 2408 676 2448 omnino
697 2407 924 2448 secundum
951 2407 1041 2463 ejus
1070 2405 1358 2463 praescriptum
1378 2405 1516 2447 viven-

129 2474 230 2515 dum
252 2484 313 2515 est
330 2478 347 2515 ἓ

175 2595 186 2616 s
200 2598 282 2628 Mat.
299 2598 386 2628 xxiv.
403 2607 435 2638 9,
457 2607 507 2634 10,
529 2606 577 2627 12.
601 2597 695 2627 Joan.
711 2597 789 2627 xvii.
810 2604 858 2634 14.
883 2606 899 2626 2
917 2597 1005 2627 Tim.
1023 2597 1067 2627 iii.
1089 2606 1117 2627 z.
1299 2604 1313 2623 g
1330 2597 1407 2627 Luc.
1425 2596 1446 2628 i.
1467 2603 1516 2636 79.

135 2661 147 2682 1
170 2651 243 2682 Cor.
262 2652 296 2682 ii.
318 2661 365 2690 14.
392 2652 473 2691 Eph.
490 2651 533 2681 iv.
555 2658 604 2690 17,
622 2651 670 2681 18.
880 2649 893 2670 ¹¹
913 2650 993 2681 Psal.
1012 2649 1122 2681 xix.8.
1139 2649 1224 2680 cxix.
1243 2660 1270 2680 1.
1295 2650 1410 2680 Baruc.
1429 2650 1470 2679 iv.
1492 2660 1516 2678 ι.

132 2703 138 2724 5
161 2715 171 2735 1
194 2706 271 2745 Reg.
289 2716 340 2737 xv.
360 2715 410 2737 22.
434 2707 527 2736 Osee.
545 2705 587 2735 vi.
605 2704 635 2735 6.
661 2704 833 2736 Ma1·c.xii.
850 2713 902 2743 33.
1088 2702 1101 2723 k
1117 2704 1220 2734 Exod.
1238 2713 1292 2734 xx.
1313 2712 1363 2740 12,
1384 2710 1431 2743 15.
1450 2707 1517 2732 toto

133 2758 247 2797 capite.
