1799 3077
441 135 677 176 NOELLI
711 135 1177 178 CATECHISMUS.
1416 143 1500 185 309

170 247 231 287 M.
269 246 426 289 Gloriae
459 247 626 289 Divinae
657 263 743 304 qua
777 248 829 289 de
867 264 990 290 causa
1021 249 1060 290 in
1093 258 1277 291 extrema
1308 261 1423 308 parte
1454 254 1499 293 fit

110 315 294 356 mentio?

166 384 225 423 A.
258 385 321 425 Ut
340 398 482 425 omnes
511 384 765 440 precationes
795 394 954 426 nostras
974 385 1055 426 Dei
1085 385 1280 426 laudibus
1309 386 1499 428 claudere

108 450 397 498 instituamur3
441 450 475 492 is
504 451 613 492 enim
648 461 709 492 est
743 451 870 492 kfinis
905 452 960 493 ad
994 467 1120 509 quem
1155 453 1371 494 referenda
1404 464 1501 496 sunt

108 518 322 566 universa;
356 518 390 559 is
409 518 560 570 exitus,
581 519 634 560 ad
656 535 781 576 quem
802 528 851 561 ut
872 535 953 561 non
975 520 1228 577 precationes
1258 520 1406 572 solum,
1429 522 1500 563 sed

105 596 148 628 et
178 587 357 628 actiones
387 596 552 638 nostrae,
585 588 936 645 cogitationesque
971 604 1113 630 omnes
1141 589 1397 645 perveniant,
1430 605 1499 631 no-

105 654 168 695 bis
194 655 431 696 hominibus
453 655 698 696 Christianis
728 671 889 712 semper
918 656 1154 713 propositus
1183 672 1269 697 esse
1289 655 1428 707 debet,
1452 668 1500 699 ut

107 722 187 763 Dei
213 723 346 779 gloria
370 739 496 779 quam
528 723 706 764 maxime
743 723 1031 780 amplificetur,
1054 733 1180 780 atque
1210 723 1379 765 illustris
1407 725 1499 766 red-

103 790 252 838 datur3
298 802 511 847 utcunque
552 791 716 832 interim
757 791 864 832 inter
899 791 1106 842 mortales,
1141 807 1321 848 quorum
1353 792 1498 834 animis

106 857 340 899 Christiana
366 858 510 915 religio
531 873 614 899 non
635 867 697 899 est
723 858 864 909 infixa,
888 859 956 899 vix
986 859 1235 909 inveniatur,
1256 860 1329 915 qui
1350 859 1498 901 labori-

103 924 182 966 bus
212 927 423 983 susceptis,
445 926 722 983 periculisque
743 926 878 976 aditis,
901 926 1009 968 lnon
1031 927 1149 982 quasi
1178 927 1408 968 mercedem
1436 943 1497 970 re-

103 1007 195 1033 rum
216 1004 426 1050 gestarum
457 1010 709 1050 suarumque
735 994 940 1036 virtutum
970 995 1176 1036 desideret
1201 995 1390 1051 gloriam,
1412 1013 1496 1052 qua

103 1072 254 1111 tamen,
277 1072 325 1105 ut
358 1080 440 1106 non
460 1080 557 1106 vera
584 1064 798 1119 solidaque
826 1063 971 1120 gloria,
995 1063 1065 1105 sed
1086 1063 1197 1104 inani
1217 1064 1496 1107 venditatione

102 1138 229 1185 atque
259 1131 544 1182 ostentatione,
576 1131 840 1172 vehementer
875 1131 958 1172 suis
991 1131 1258 1188 graviterque
1288 1131 1494 1173 interdicit

105 1199 324 1241 Dominus.

161 1269 224 1308 M.
257 1267 511 1309 Precationis
540 1283 639 1323 ergo
670 1267 866 1308 tractatui.
883 1267 1077 1323 quaedam
1098 1267 1151 1308 de
1173 1266 1253 1307 Dei
1283 1266 1492 1318 laudibus,

100 1346 142 1376 et
160 1335 388 1391 gratiarum
409 1335 567 1376 actione
587 1344 683 1392 apte
698 1345 824 1391 atque
844 1345 1080 1391 opportune
1102 1334 1433 1391 subjungemus?

157 1405 213 1444 A.
245 1404 522 1461 mAptissime
559 1419 680 1451 sane;
725 1419 860 1459 neque
901 1403 1009 1444 enim
1041 1403 1083 1443 in
1113 1414 1298 1443 extremo
1329 1411 1491 1445 tantum

101 1472 344 1528 precationis
374 1471 604 1513 Dominicae
634 1472 729 1523 fine,
761 1471 893 1527 gloria
922 1471 1003 1512 Dei
1034 1479 1300 1521 memoratur,
1329 1472 1399 1512 sed
1430 1472 1492 1528 ip-

99 1556 190 1581 sum
212 1541 333 1582 etiam
364 1540 615 1598 principium
635 1540 724 1596 ejus
744 1556 768 1581 a
787 1539 919 1596 gloria
948 1539 1226 1595 laudibusque
1246 1539 1396 1581 divinis
1416 1541 1493 1582 du-

98 1609 217 1650 citur.
278 1611 421 1660 Quum
450 1609 559 1650 enim
588 1618 795 1664 optamus,
828 1617 876 1649 ut
907 1607 987 1649 Dei
1019 1622 1167 1648 nomen
1199 1608 1489 1661 sanctificetur,

99 1677 202 1733 quid
223 1688 415 1734 optamus
444 1677 573 1727 aliud,
596 1691 720 1732 quam
753 1686 800 1717 ut
829 1676 907 1732 ipsi
937 1692 989 1717 ex
1020 1675 1214 1717 omnibus
1243 1676 1334 1732 ejus
1359 1678 1491 1733 operi-

99 1746 178 1786 bus
207 1761 283 1786 sua
311 1754 469 1787 constet
498 1745 658 1801 gloria?
699 1744 913 1795 Videlicet,
947 1754 994 1786 ut
1025 1744 1310 1801 peccatoribus
1339 1746 1490 1787 condo-

99 1828 215 1864 nans,
238 1813 524 1861 nmisericors3
557 1813 599 1854 in
626 1813 774 1870 impios
795 1813 1170 1863 oanimadvertens,
1186 1813 1352 1869 justus;
1385 1829 1490 1870 prae-

97 1891 208 1924 stans
222 1882 335 1938 quod
356 1882 557 1938 promisit,
580 1891 599 1920 P
615 1897 737 1923 verax
755 1899 766 1929 3
799 1881 991 1938 indignos
1012 1881 1217 1922 beneficiis
1237 1882 1489 1937 quotidianis

95 1950 325 2001 cumulans,
347 1950 562 2007 qoptimus
591 1949 992 2006 benignissimusque
1022 1957 1261 1997 censeatur3
1297 1958 1344 1990 ut
1373 1950 1487 2005 quic-

96 2018 198 2074 quid
221 2025 417 2075 roperum
439 2019 530 2075 ejus
550 2018 615 2059 vel
635 2018 854 2068 cernimus,
872 2018 935 2058 vel
957 2016 1238 2073 intelligimus,
1254 2033 1303 2057 eo
1323 2018 1376 2058 ad
1396 2018 1486 2073 ejus

95 2086 267 2142 gloriam
303 2086 497 2127 laudibus
535 2085 864 2142 amplificandam
904 2084 1142 2125 excitemur.
1206 2086 1274 2125 Ita
1310 2084 1484 2140 gloriam

95 2168 227 2202 suam,
261 2168 358 2194 cum
392 2153 454 2193 sui
487 2152 742 2194 invocatione
775 2154 892 2193 Deus
929 2151 1058 2192 voluit
1090 2167 1175 2192 esse
1206 2150 1487 2207 conjunctissi-

95 2237 218 2262 mam.
281 2223 364 2261 Par
383 2220 491 2261 enim
513 2231 587 2271 est,
610 2230 658 2262 ut
689 2220 806 2262 sicuti
828 2219 1167 2261 Sdifficultatibus
1196 2219 1330 2260 affecti
1359 2227 1485 2275 atque

95 2288 247 2338 afflicti,
269 2288 322 2329 ad
355 2288 435 2328 Dei
463 2303 584 2343 opem
611 2297 737 2345 atque
768 2275 1085 2329 misericordiam
1117 2287 1324 2343 supplices
1342 2287 1486 2328 confu—

94 2356 246 2411 gimus,
268 2356 324 2396 ita
345 2355 547 2396 malorum
569 2365 694 2411 atque
714 2355 993 2397 molestiarum
1015 2355 1296 2396 liberationem
1317 2369 1390 2394 nos
1410 2368 1484 2409 per

139 2511 152 2530 ¹(
182 2521 192 2540 1
214 2512 289 2542 Cor.
312 2522 344 2541 x.
364 2522 416 2550 3¹·
450 2513 565 2551 Ephes.
590 2513 636 2542 iii.
659 2522 710 2548 20,
732 2521 780 2542 21.
809 2511 888 2541 Phil.
911 2511 932 2540 i.
954 2521 1002 2540 11.
1053 2521 1063 2540 1
1084 2511 1172 2541 Tim.
1190 2512 1213 2541 i.
1234 2517 1281 2550 17.
1325 2511 1402 2541 dud.
1430 2519 1479 2551 25.

93 2564 101 2584 ¹
120 2566 201 2595 Mat.
217 2565 258 2595 vi.
279 2575 308 2600 1,
327 2574 358 2602 2,
374 2575 408 2604 3,
425 2573 458 2603 4,
477 2571 509 2603 5,
527 2564 559 2602 6,
575 2567 632 2596 &c-
666 2565 738 2595 Gal.
756 2575 785 2594 v.
805 2564 855 2595 26.
888 2565 968 2595 Phil.
984 2565 1017 2595 ii.
1032 2575 1064 2603 3.
1088 2565 1132 2595 iii.
1154 2575 1202 2605 ¹9-
1344 2571 1367 2584 ¹¹¹
1384 2566 1480 2596 Rom.

93 2620 115 2649 i.
133 2620 166 2656 8,
186 2630 233 2650 10.
259 2629 275 2649 2
289 2620 364 2650 (Tor.
383 2620 403 2649 i.
427 2630 473 2649 11.
499 2620 614 2659 Ephes.
629 2619 649 2650 i.
674 2625 721 2658 15.
748 2618 827 2648 Phil.
844 2618 865 2647 i.
882 2627 915 2657 3,
933 2627 963 2656 4.
1053 2625 1066 2638 ¹¹
1085 2619 1168 2649 Psal.
1185 2619 1218 2649 li.
1242 2629 1266 2648 1.
1356 2625 1370 2637 ⁰
1386 2619 1480 2649 Rom.

94 2672 115 2702 i.
139 2674 184 2702 18.
290 2680 304 2700 Ρ
322 2674 418 2704 Rom.
433 2673 480 2703 iii.
495 2682 529 2712 3,
547 2682 577 2711 4.
684 2679 699 2697 ‘1
715 2671 798 2701 Psal.
817 2671 880 2701 lxv.
897 2682 929 2712 9,
946 2674 1004 2702 ἃς.
1029 2672 1133 2702 lxviii.
1149 2680 1181 2712 5,
1199 2674 1257 2703 &c.
1368 2679 1379 2692 ¹
1396 2673 1479 2703 Psal.

94 2726 160 2756 xix.
183 2736 254 2764 1,2.
387 2733 397 2746 ⁸
413 2727 494 2758 I'sal.
511 2726 619 2757 xxxiv.
636 2736 664 2763 1,
683 2734 709 2755 z.
734 2725 754 2755 l.
775 2733 824 2762 14,
847 2734 896 2765 15,
916 2735 965 2765 23.
994 2736 1004 2757 1
1024 2726 1120 2757 Thes.
1138 2727 1157 2756 i.
1177 2736 1203 2757 2.
1228 2737 1256 2756 v.
1278 2727 1326 2757 18.
1354 2736 1369 2757 2
1383 2726 1479 2756 Thes..

95 2790 114 2809 1.
134 2789 163 2817 3.

773 2833 849 2871 xss
