1799 3077
275 140 358 182 174
665 137 894 179 JUELLI
929 138 1259 180 APOLOGIA.

273 252 518 294 hominibus.
580 253 639 293 Et
661 251 832 302 Paulus,
854 267 948 292 cum
973 251 1095 292 semel
1116 251 1258 292 animo
1288 250 1489 291 hausisset
1519 252 1658 292 Evan-

272 321 442 378 gelium,
463 320 590 376 idque
615 335 696 360 non
723 320 776 361 ab
802 319 1053 369 hominibus,
1075 335 1210 375 neque
1239 334 1314 376 per
1343 319 1565 370 hominem,
1588 320 1658 362 sed

274 406 349 447 per
382 389 510 431 solam
539 388 794 429 voluntatem
829 388 924 438 Dei,
956 403 1038 428 non
1069 387 1310 429 deliberavit
1344 403 1439 429 cum
1469 403 1589 429 carne
1620 396 1661 428 et

276 458 489 515 sanguine,
510 472 584 497 nec
604 456 745 497 retulit
765 455 818 496 ad
839 464 1034 511 cognatos
1054 464 1126 496 aut
1145 455 1292 496 fratres
1321 471 1415 497 suos
1430 473 1441 507 3
1479 456 1550 496 sed
1582 464 1662 497 staff

275 526 350 568 tim
371 525 471 567 abiit
490 525 533 565 in
554 523 770 573 Arabiam,
790 532 835 564 ut
856 522 995 563 divina
1015 521 1210 578 mysteria
1224 538 1249 562 a
1264 524 1356 564 Deo
1372 532 1539 564 auctore
1555 522 1663 578 pub-

276 595 429 636 licaret.

335 663 424 703 Nos
444 661 613 718 quidem
635 659 832 709 Concilia,
854 668 895 700 et
922 659 1242 715 Episcoporum,
1264 659 1566 714 doctorumque
1593 659 1665 699 ho-

278 730 435 771 minum
457 735 682 769 conventus
702 735 743 767 et
762 725 967 782 colloquia
986 741 1069 766 non
1089 726 1400 767 contemnimus.
1448 728 1597 782 Neque
1618 741 1666 766 ea

277 814 373 854 quae
392 796 578 845 fecimus,
601 810 783 851 prorsus,
807 794 891 835 sine
912 794 1129 850 Episcopis
1148 802 1222 835 aut
1249 794 1334 835 sine
1356 793 1542 835 Concilio
1570 793 1665 835 feci—

278 881 384 906 mus.
445 863 584 904 Plenis
603 862 779 904 comitiis
805 877 869 902 res
897 872 987 903 acta
1017 871 1077 903 est
1107 861 1230 918 longa
1260 861 1566 913 deliberatione,
1586 862 1666 902 fre-

279 932 423 989 quenti
453 930 622 988 synodo.
684 931 751 971 De
780 929 859 971 isto
888 946 986 971 vero
1013 929 1212 979 Concilio,
1244 931 1358 986 quod
1388 945 1498 970 nunc
1529 945 1553 970 a
1589 929 1667 970 Pio

280 999 481 1041 Pontifice
502 997 732 1048 simulatur,
753 997 795 1037 in
816 1013 900 1053 quo
930 997 1114 1037 homines
1142 1012 1225 1037 non
1254 996 1463 1053 appellati,
1484 1011 1566 1036 non
1595 1011 1667 1036 au-

280 1068 371 1119 diti,
391 1082 473 1108 non
494 1065 582 1116 visi,
602 1065 660 1105 ita
680 1064 797 1105 facile
817 1064 1159 1114 condemnantur,
1181 1064 1285 1120 quid
1304 1064 1422 1105 nobis
1450 1072 1669 1120 expectan-

281 1136 381 1176 dum
403 1144 476 1176 aut
497 1133 745 1190 sperandum
768 1133 833 1182 sit,
855 1148 937 1173 non
959 1142 1019 1174 est
1039 1133 1202 1174 difficile
1222 1132 1421 1173 divinare.

339 1202 627 1243 Nazianzenus
657 1200 768 1250 olim,
791 1216 885 1241 cum
917 1216 991 1241 suo
1022 1209 1205 1256 tempore
1225 1199 1383 1240 videret
1412 1198 1597 1239 homines
1626 1199 1669 1239 in

281 1270 520 1327 hujusmodi
540 1269 810 1310 conventibus
829 1268 887 1309 ita
907 1284 992 1309 esse
1013 1284 1140 1309 caecos
1160 1277 1201 1309 et
1221 1268 1460 1319 obstinatos,
1477 1277 1525 1308 ut
1540 1266 1671 1307 abdu-

282 1349 472 1380 cerentur
492 1337 721 1387 affectibus,
744 1345 782 1377 et
804 1336 1016 1377 victoriam
1037 1336 1167 1392 magis
1187 1345 1434 1392 quaererent,
1458 1350 1583 1391 quam
1606 1350 1672 1375 ve-

283 1407 471 1453 ritate1n;
514 1405 664 1446 diserte
694 1404 995 1460 pronunciavit,
1026 1420 1066 1445 se
1096 1404 1250 1445 nullius
1283 1404 1454 1446 Concilii
1485 1418 1671 1459 unquam

284 1474 443 1515 exitum
464 1473 612 1514 vidisse
641 1473 810 1513 bonum.
873 1472 985 1521 Quid
1012 1472 1079 1513 ille
1099 1488 1209 1513 nune
1230 1472 1396 1522 diceret,
1419 1471 1452 1512 si
1472 1471 1594 1512 hodie
1614 1471 1674 1511 vi-

284 1553 412 1595 veret,
434 1553 475 1584 et
505 1543 677 1584 istorum
708 1551 879 1583 conatus
908 1540 1184 1599 intelligeret?
1227 1544 1335 1583 Nam
1367 1552 1457 1583 tum
1487 1542 1671 1599 quidem,

285 1612 361 1652 etsi
395 1611 640 1652 studebatur
669 1610 871 1667 partibus,
903 1620 1040 1651 tamen
1070 1620 1111 1652 et
1141 1627 1274 1652 causae
1305 1611 1670 1667 cognoscebantur,

287 1695 443 1720 errores
477 1679 683 1720 manifesti
717 1678 902 1719 omnium
934 1679 1115 1735 partium
1149 1679 1354 1735 suffragiis
1385 1677 1674 1720 communibus

288 1746 549 1788 tollebantur.
611 1746 688 1788 Isti
709 1762 807 1787 vero
826 1762 900 1787 nec
928 1762 1092 1787 causam
1120 1747 1337 1803 disceptari
1366 1747 1493 1788 libere
1513 1745 1674 1795 volunt,

288 1830 362 1855 nec
389 1824 759 1871 quantumcunque
791 1814 841 1855 sit
871 1830 1072 1866 errorum,
1094 1815 1322 1871 quidquam
1355 1815 1573 1870 patiuntur
1601 1814 1676 1854 im-

289 1883 454 1923 mutari.

349 1950 402 1990 Id
423 1950 529 1991 enim
550 1950 607 1990 illi
629 1966 750 2006 saepe,
773 1960 814 1992 et
835 1951 919 1992 sine
939 1951 1074 1991 fronte
1095 1951 1251 2007 jactare
1279 1951 1423 2001 solent,
1447 1950 1673 1991 Ecclesiam

292 2034 407 2059 suam
428 2035 562 2060 errare
582 2035 664 2059 non
684 2035 801 2076 posse
818 2036 829 2066 ς
863 2019 965 2059 nihil
987 2035 1072 2060 esse
1092 2019 1134 2060 in
1155 2036 1203 2060 ea
1222 2019 1336 2066 vitii;
1370 2019 1471 2059 nihil
1492 2034 1577 2059 esse
1606 2034 1676 2058 no-

290 2087 353 2127 bis
383 2087 706 2138 concedendum,
735 2097 822 2137 aut,
855 2087 887 2128 si
916 2087 1019 2143 quid
1049 2087 1113 2137 sit,
1137 2097 1273 2128 tamen
1303 2087 1605 2143 Episcoporum
1637 2094 1677 2126 et

294 2155 511 2195 Abbatum
532 2171 616 2195 esse
636 2155 713 2195 hoc
728 2154 933 2210 judicium
951 2171 962 2206 3
994 2154 1083 2195 illos
1106 2170 1190 2195 esse
1210 2155 1487 2195 moderatores
1511 2168 1675 2200 rerum3

293 2222 382 2263 illos
402 2238 487 2263 esse
509 2222 730 2263 Ecclesiam
755 2222 849 2264 Dei.
908 2222 1153 2263 Aristoteles
1173 2223 1243 2273 ait,
1269 2222 1439 2278 Spurios
1458 2237 1540 2262 non
1561 2237 1679 2277 posse

294 2291 426 2331 facere
460 2290 680 2331 civitatem.
742 2292 813 2330 An
844 2299 982 2330 autem
1012 2305 1063 2330 ex
1093 2290 1179 2331 istis
1209 2291 1310 2332 effici
1341 2291 1469 2346 possit
1497 2289 1680 2331 Ecclesia

296 2357 390 2407 Dei,
413 2357 489 2413 ipsi
510 2357 688 2398 videant.
742 2359 865 2398 Certe
886 2372 959 2397 nec
980 2356 1150 2412 legitimi
1173 2366 1267 2399 sunt
1289 2358 1492 2407 Abbates,
1510 2372 1583 2397 nec
1604 2371 1677 2412 ge-

297 2425 411 2465 nuini
432 2425 640 2480 Episcopi.

357 2492 438 2532 Sed
458 2493 538 2532 sint
558 2507 653 2532 sane
680 2491 888 2538 Ecclesia;
931 2491 1154 2533 audiantur
1183 2493 1225 2533 in
1248 2492 1466 2539 Conciliis3
1509 2492 1580 2532 soli
1610 2492 1681 2531 ha-

297 2560 421 2600 beant
435 2560 506 2615 jus
527 2559 791 2616 suffragandi.
855 2559 964 2600 Olim
987 2569 1122 2600 tamen
1143 2576 1238 2601 cum
1261 2560 1443 2601 Ecclesia
1464 2560 1558 2609 Dei,
1581 2559 1612 2599 si
1629 2559 1682 2599 ad

299 2626 468 2667 istorum
490 2627 658 2681 quidem
680 2627 904 2668 Ecclesiam
933 2628 1182 2677 conferatur,
1205 2628 1301 2668 satis
1327 2628 1539 2668 commode
1569 2642 1682 2682 rege-

299 2704 426 2751 retur,
458 2704 504 2735 ut
526 2696 761 2750 Cyprianus
791 2696 861 2745 ait,
884 2696 1193 2737 advocabantur
1223 2697 1276 2737 ad
1308 2695 1681 2737 Ecclesiasticarum
