1799 3077
257 138 343 177 242
585 137 820 178 NOELLI
855 136 1320 178 CATECHISMUS.

258 265 340 306 que
359 251 665 307 procedentem,
690 260 736 292 ut
758 250 839 292 Dei
860 250 1073 301 virtutem,
1095 265 1170 306 per
1190 249 1328 291 omnia
1348 249 1558 300 diffusam,
1580 250 1653 291 sed

258 317 329 369 ita,
353 327 400 360 ut
420 319 543 360 etiam
563 327 766 375 perpetuo
786 318 827 358 in
848 318 938 374 ipso
953 318 1155 366 resideam
1190 327 1353 374 Pneque
1370 317 1500 358 dividi
1516 327 1653 359 tamen

259 396 479 443 propterea
498 388 652 428 Deum.
712 388 782 427 Ex
803 386 867 427 his
888 386 994 427 enim
1017 386 1150 428 tribus
1169 386 1354 443 personis
1374 385 1491 427 nulla
1516 385 1653 437 aliam,

261 464 334 496 aut
358 464 377 493 q
395 464 592 511 tempore,
620 465 693 496 aut
723 454 1024 510 magnitudine,
1051 467 1124 496 aut
1153 455 1356 511 dignitate
1385 454 1540 502 anteit3
1583 454 1656 495 sed

263 525 402 574 Pater,
426 523 572 574 Filius,
601 532 643 564 et
675 522 854 578 Spiritus
886 524 1074 573 Sanctus,
1097 532 1180 564 tres
1210 523 1413 564 distinctae
1445 524 1654 574 Personae,

263 600 277 620 ¹
289 592 517 633 aeternitate
537 606 749 647 aequaevae,
766 590 952 646 potentia
972 590 1166 646 aequales,
1184 590 1386 646 dignitate
1407 606 1539 647 pareS‚
1557 590 1658 632 Dei-

264 669 347 701 tate
369 675 498 700 unum
521 667 629 700 sunt.
680 667 694 687 s
709 659 833 699 Unus
853 674 952 714 ergo
974 668 1167 709 aeternUS,
1188 658 1446 709 immortalis,
1468 659 1657 715 omnipo-

267 738 370 779 tens,
392 727 608 784 gloriosus‚
631 727 813 783 optimus
835 727 953 768 Max.
978 728 1096 768 Deus
1128 728 1267 778 Pater,
1292 726 1438 777 Filius,
1460 737 1501 768 et
1533 727 1661 783 Spiri-

267 807 335 838 tus
372 798 561 837 Sanctus.
623 796 691 836 Ita
725 795 832 836 enim
869 795 921 836 de
957 797 1050 836 Deo
1087 797 1227 846 Patre,
1266 795 1388 845 Filio,
1424 804 1465 836 et
1503 795 1661 852 Spiritu

48 881 88 909 ln
105 878 235 917 Symbo-
272 867 436 915 Sancto,
458 880 483 905 a
504 863 834 905 Christianorum
857 863 1138 913 universitate,
1160 879 1256 919 quae
1282 863 1495 904 Catholica
1522 864 1663 905 Eccle-

50 923 256 995 ¹f³e⁵s’5{{‚vneiffls¹'
270 934 329 975 sia
349 933 514 983 dicitur,
536 947 587 973 ex
620 932 843 988 Scripturis
877 932 1009 973 Sacris
1038 931 1252 988 proditum
1284 940 1368 979 est3
1403 947 1536 988 quum
1565 932 1663 973 alio-

50 1002 371 1058 FideiC111·i§t·quin
391 1001 518 1057 hujus
539 1000 722 1058 mysterii
742 1000 994 1041 immensitas
1015 1009 1130 1041 tanta
1158 1000 1223 1051 sit,
1246 1008 1293 1040 ut
1324 1015 1375 1040 ne
1405 1009 1541 1040 mente
1572 1000 1664 1056 qui-

51 1052 239 1125 ?g’ffz'tffi‘
268 1069 361 1110 dem
384 1067 558 1124 concipi,
580 1068 735 1108 nedum
756 1068 892 1109 verbis
912 1067 1107 1124 explicari
1128 1077 1278 1124 queat;
1312 1067 1354 1107 in
1377 1083 1462 1124 quo
1490 1067 1664 1124 proinde

54 1140 174 1169 Athau.
270 1136 507 1193 simplicitas
544 1135 659 1177 Fidei
691 1136 938 1177 Christianae
969 1137 1021 1177 ad
1052 1136 1306 1177 credendum
1336 1145 1494 1192 parata,
1525 1136 1665 1193 potius

271 1220 397 1262 quam
427 1204 581 1260 ingenii
609 1210 804 1246 tacumen
835 1205 888 1246 ad
918 1204 1229 1261 inquirendum,
1263 1204 1326 1245 vel
1356 1204 1510 1261 linguae
1540 1204 1664 1246 etiam

271 1273 450 1315 officium
471 1273 524 1314 ad
545 1272 836 1328 explicandum
858 1273 1100 1330 mysterium
1121 1282 1205 1314 tam
1227 1287 1439 1323 arcanum,
1458 1282 1584 1328 atque
1600 1287 1666 1313 oc-

272 1343 431 1384 cultum
453 1341 700 1398 requiratur.

332 1412 395 1451 M.
420 1409 686 1451 Verissimum
708 1408 878 1464 quidem
899 1418 960 1449 est
980 1408 1093 1464 quod
1116 1408 1227 1449 dicis.
1280 1409 1415 1464 Perge
1435 1423 1559 1464 ergo3
1593 1423 1668 1448 cur

276 1479 417 1518 Deum
437 1492 558 1518 vocas
580 1478 748 1517 Patrem
763 1480 781 1516 P

59 1569 161 1599 Prima
177 1578 244 1607 pars
336 1548 394 1588 A.
416 1546 469 1602 Ej
477 1561 524 1586 us
542 1545 600 1586 rei
614 1554 766 1601 praeter
781 1559 885 1595 eam,
904 1559 1030 1600 quam
1047 1554 1141 1585 ante
1157 1543 1395 1593 memoravi,
1417 1543 1672 1600 praecipuam

61 1612 257 1685 ἓξὲξῖξὲἴθΐ
278 1630 458 1665 causam,
481 1614 597 1670 quod
617 1613 808 1654 videlicet
828 1621 850 1641 ¹1
864 1612 1062 1654 naturalis
1081 1612 1134 1653 sit
1156 1614 1281 1653 Pater
1302 1612 1410 1653 unici
1428 1612 1523 1652 Filii
1540 1612 1601 1653 sui
1617 1613 1671 1654 ab

260 1677 434 1724 'aeterno
455 1697 505 1723 ex
528 1697 569 1722 se
588 1681 742 1737 geniti;
777 1681 872 1722 duae
901 1690 998 1722 sunt
1025 1681 1116 1722 aliae
1145 1696 1295 1731 causae,
1318 1680 1371 1721 ob
1402 1696 1506 1736 quas
1535 1689 1673 1722 noster

279 1751 402 1792 etiam
423 1751 548 1791 Pater
569 1759 610 1791 et
631 1750 695 1800 sit,
719 1758 758 1790 et
780 1749 957 1791 dicatur.
1000 1758 1020 1777 x
1034 1750 1147 1799 Una,
1165 1749 1280 1805 quod
1300 1764 1374 1790 nos
1396 1764 1537 1789 omnes
1556 1748 1673 1789 initio

280 1819 448 1869 creavit,
471 1818 670 1874 quodque
691 1818 818 1859 vitam
839 1817 1031 1859 omnibus
1052 1826 1110 1858 est
1133 1817 1335 1874 largitus3
1378 1817 1430 1858 de
1460 1832 1546 1874 qua
1575 1831 1672 1857 mox

281 1887 403 1944 plura
433 1886 627 1927 dicemus.
688 1885 871 1927 yAltera
891 1900 988 1926 vero
1021 1885 1184 1940 majoris
1215 1885 1337 1926 etiam
1369 1883 1567 1926 momenti
1597 1893 1673 1933 est,

282 1956 395 2013 quod
417 1954 621 2005 videlicet,
644 1954 792 1996 iterum
816 1953 1014 1994 divinitus
1035 1968 1109 2010 per
1137 1953 1337 2010 Spiritum
1371 1955 1569 1994 Sanctum
1601 1967 1676 1993 nos

282 2024 442 2082 genuit,
464 2032 505 2065 et
526 2032 544 2052 z
560 2022 665 2064 Fide
684 2022 726 2063 in
749 2035 907 2072 verum,
930 2030 971 2062 et
1000 2021 1230 2063 naturalem
1263 2021 1418 2062 Filium
1450 2036 1572 2062 suum
1603 2022 1632 2062 J
1636 2037 1676 2062 e-

285 2109 374 2135 sum
409 2092 639 2142 Christum,
659 2105 734 2132 nos
764 2090 839 2132 sibi
872 2089 999 2132 Filios
1029 2089 1257 2146 adoptavit,
1286 2099 1327 2131 et
1356 2105 1486 2147 regno
1517 2104 1605 2142 suo,
1630 2104 1677 2130 ac

286 2162 382 2204 vitae
402 2171 567 2204 aeternae
588 2160 828 2202 haereditate
848 2174 924 2216 per
942 2159 1118 2201 eundem
1142 2159 1326 2200 donavit.

346 2232 410 2272 M.
433 2231 528 2280 Quo
548 2244 667 2270 sensu
689 2242 838 2269 nomen
858 2227 917 2269 illi
937 2227 1231 2284 omnipotentis
1251 2227 1424 2269 tribuis?

348 2300 402 2340 A.
428 2298 550 2349 Quod
572 2295 823 2347 amundum,
846 2304 888 2336 et
916 2296 1120 2345 universa,
1142 2295 1204 2337 uti
1230 2295 1429 2346 condidit,
1451 2295 1507 2337 ita
1537 2295 1579 2336 in
1608 2311 1681 2352 po-

336 2460 351 2480 Ρ
366 2455 461 2484 Joan.
479 2463 510 2483 x.
525 2462 577 2492 30.
606 2462 616 2482 1
637 2453 711 2482 Cor.
728 2452 796 2483 viii.
813 2451 843 2482 6.
867 2452 939 2482 Gal.
957 2452 1002 2482 iii.
1022 2461 1072 2482 20.
1219 2460 1233 2478 ⁸1
1248 2454 1344 2482 Joan.
1359 2452 1379 2482 i.
1401 2463 1426 2482 1.
1444 2464 1473 2483 v.
1495 2460 1545 2493 17,
1562 2452 1612 2490 18,
1628 2460 1682 2489 21,

295 2518 346 2547 23.
370 2507 449 2538 Phil.
465 2507 497 2537 ii.
515 2505 545 2537 6.
678 2514 690 2527 ¹·
709 2516 720 2536 1
739 2508 835 2536 Joan.
852 2516 883 2536 v.
902 2514 929 2546 7.
1069 2513 1079 2526 ⁸
1097 2506 1249 2537 Deut.iv.
1262 2514 1316 2547 35,
1334 2516 1386 2547 39.
1409 2507 1493 2537 Psal.
1509 2507 1633 2537 lxxxvi.
1649 2515 1682 2546 9,

299 2571 348 2592 10.
376 2562 435 2591 civ.
452 2571 507 2599 30,
525 2570 578 2599 3¹·
628 2570 639 2590 1
659 2561 748 2591 Tim.
765 2561 785 2591 i.
806 2568 853 2600 17.
1006 2561 1118 2590 ‘Proxn
1134 2570 1209 2590 xxv.
1228 2559 1278 2591 26.
1438 2567 1451 2580 ¹¹
1468 2561 1550 2591 Mat.
1566 2560 1613 2590 iii.
1635 2566 1683 2600 17.

294 2618 391 2646 Joan.
409 2616 429 2644 i.
453 2624 501 2653 ¹4·
533 2616 628 2645 Rom.
643 2625 695 2645 xv.
711 2614 742 2645 6.
775 2624 791 2644 2
808 2615 882 2644 Cor.
898 2614 920 2644 i.
937 2623 967 2653 3.
995 2615 1039 2644 xi.
1054 2623 1108 2653 31·
1272 2621 1286 2634 Χ
1302 2615 1383 2645 Gen.
1397 2616 1417 2646 i.
1437 2622 1487 2655 27.
1517 2615 1597 2646 Mal.
1615 2615 1635 2645 i.
1652 2614 1685 2646 6.

297 2671 329 2701 ii.
349 2680 397 2700 10.
526 2675 541 2695 ,ν
557 2671 650 2699 Man.
667 2669 713 2699 iii.
729 2678 763 2708 3,
780 2676 811 2709 5.
839 2678 851 2698 1
871 2670 937 2699 Pet.
953 2668 974 2698 i.
991 2678 1024 2708 3,
1047 2677 1097 2708 23.
1237 2675 1249 2689 2
1262 2670 1358 2699 Joan.
1376 2669 1397 2698 i.
1415 2678 1462 2699 12.
1508 2668 1602 2699 Rom.
1618 2669 1686 2700 viii.

303 2733 353 2762 ¹5,
376 2733 424 2763 17,
444 2732 492 2761 23.
522 2723 565 2754 ix.
581 2733 612 2762 4.
635 2724 708 2754 Gal.
724 2724 765 2755 iv.
783 2732 816 2763 5,
834 2722 864 2753 6.
888 2723 1015 2754 Tit.iii.
1036 2730 1062 2763 7.
1220 2730 1232 2743 ²
1250 2724 1336 2755 Esai.
1353 2723 1396 2753 xl.
1415 2732 1462 2753 22.
1489 2724 1570 2754 Mat.
1588 2734 1618 2754 v.
1634 2732 1686 2763 45.

300 2788 331 2809 x.
349 2787 397 2818 29.
424 2777 502 2817 Eph.
518 2777 537 2807 i.
559 2787 604 2807 ιι.
