1799 3077
651 135 951 175 RIDLEII.
1438 139 1485 180 61

102 245 211 287 stulo
232 246 332 286 mihi
354 260 435 286 non
457 245 663 302 denegari.
713 248 771 289 Et
792 248 987 303 quoniam
1010 263 1143 304 nuper
1163 265 1187 290 a
1205 251 1319 291 vobis
1335 261 1490 292 senten-

100 314 157 356 tia
177 324 238 356 est
259 314 342 355 lata
362 314 403 354 in
425 329 491 355 me
513 314 653 355 multis
676 316 914 357 nominibus
935 316 1088 372 injusta
1110 327 1150 359 et
1179 317 1344 373 iniqua3
1378 320 1489 374 equi-

101 383 194 423 dem
219 384 446 439 (quatenus
468 382 568 422 mihi
589 382 702 437 licet)
725 384 778 425 ab
799 384 941 425 eadem
962 384 1125 441 appello
1147 385 1384 441 aequiorem,
1401 387 1489 441 jus-

100 450 330 506 tioremque
358 450 463 507 justi
495 450 671 508 alicujus
702 452 922 508 superioris
952 453 1220 509 competentis
1250 466 1290 494 et
1320 454 1489 510 legitimi

99 534 313 560 censuram
335 528 375 560 et
388 519 611 575 judlaium,
634 519 761 576 idque
775 520 901 576 juxta
921 529 1074 562 statum
1102 522 1378 578 approbatum
1409 523 1490 562 Ec-

97 586 228 627 clesiae
250 586 511 643 Angfieanae,
532 586 625 628 licet
646 587 740 643 quis
758 588 845 644 jam
875 588 908 629 is
939 588 990 630 sit
1020 599 1190 645 propter
1220 589 1487 631 mutationem

97 665 229 696 status
250 655 502 711 reipublicae,
524 655 656 696 fateor
677 671 742 696 me
762 655 962 711 ignorare.
1015 657 1261 713 Cujusmodi
1282 657 1487 713 judicium

98 725 128 764 si
152 723 251 764 mihi
274 724 314 764 in
337 724 453 764 terris
474 738 555 764 non
577 723 701 765 detur
721 724 886 775 habere,
907 734 1005 765 tunc
1027 734 1223 780 tanquam
1253 725 1305 766 ad
1334 740 1487 766 sacram

97 807 288 833 ancoram
311 801 352 832 et
382 792 547 832 unicum
579 791 721 833 salutis
753 807 854 833 meae
887 802 1068 848 portum,
1090 794 1285 849 confugio
1316 793 1367 834 ad
1401 808 1488 834 sen-

97 860 266 901 tentiam
293 860 436 901 aeterni
459 860 627 915 judicis,
650 860 728 901 hoc
758 869 833 911 est,
854 861 1145 917 omnipotentis
1177 861 1273 911 Dei,
1295 862 1414 917 cujus
1444 861 1486 902 in

96 944 191 970 suos
211 928 598 969 misericordissimae
614 928 789 984 justitiae
809 939 851 970 et
864 928 1103 986 justissimae
1123 929 1410 970 misericordiae
1426 938 1486 971 to-

96 997 231 1038 taliter
263 1012 328 1038 me
363 1012 581 1052 meamque
614 997 844 1038 universam
879 1012 1044 1038 eausam
1073 997 1341 1053 judicandam
1379 1013 1486 1039 com-

96 1066 229 1115 mitto,
252 1065 350 1106 nihil
374 1065 595 1121 desperans
616 1065 668 1106 de
689 1066 915 1122 patrocinio
935 1065 1122 1106 advocati
1145 1074 1185 1107 et
1207 1066 1314 1107 unici
1343 1067 1486 1107 Serva-

96 1134 193 1175 toris
214 1133 293 1174 mei
314 1134 344 1173 J
348 1149 418 1174 esu
442 1133 612 1184 Christi,
634 1134 700 1175 cui
721 1149 815 1175 cum
839 1135 962 1175 Patre.
984 1133 1245 1189 sempiterno,
1263 1143 1303 1175 et
1327 1133 1483 1190 Spiritu

94 1212 234 1243 sancto
254 1201 437 1242 omnium
461 1202 770 1254 sanctificatore,
794 1203 845 1244 sit
866 1217 976 1244 nune
996 1212 1035 1243 et
1057 1202 1097 1242 in
1120 1211 1334 1253 aeternum,
1351 1202 1482 1244 omnis

95 1270 225 1310 honor
246 1279 285 1311 et
305 1269 446 1325 gloria.
493 1272 641 1311 Amen.
