1799 3077
255 127 340 167 314
583 125 816 167 NOELLI
851 123 1317 165 CATECHISMUS.

314 241 378 281 M.
412 241 547 290 Quae?

315 309 373 348 A.
394 317 416 336 x
431 307 708 364 Baptismum,
730 317 771 346 et
799 320 953 346 sacram
976 307 1174 352 Coenam;
1208 318 1387 361 quorum
1418 302 1647 344 communis

258 385 319 418 est
337 376 444 417 inter
463 391 604 416 omnes
620 374 760 415 fideles
781 388 893 414 usus.
936 373 1085 414 Altero
1106 373 1214 414 enim
1234 371 1500 422 renascimur,
1518 370 1646 412 altero

259 453 538 486 sustentamur
558 443 611 484 ad
632 442 758 483 vitam
780 450 987 482 aeternam.

318 513 381 553 M.
414 513 482 552 De
504 510 719 566 Baptismo
739 524 838 564 ergo
858 507 1041 564 primum
1062 507 1128 549 dic
1149 507 1251 563 quid
1271 523 1446 549 censeas.

318 581 373 621 A.
406 581 548 630 Quum
582 588 731 618 natura
759 575 892 617 yFilii
922 575 1008 626 irae,
1037 575 1080 616 id
1109 583 1183 625 est,
1215 575 1336 616 alieni
1366 575 1419 616 ab
1449 573 1648 624 Ecclesia,

261 665 356 706 quae
388 647 468 689 Dei
498 645 653 687 familia
682 654 757 695 est,
779 644 920 694 simus,
941 643 1171 700 baptismus
1200 642 1330 684 veluti
1360 642 1528 684 zaditus
1560 643 1650 698 qui-

262 717 358 758 dam
378 714 497 756 nobis
515 723 590 763 est,
611 728 686 769 per
706 728 830 768 quem
851 712 892 752 in
915 727 1004 753 eam
1032 711 1314 759 admittimurt,
1349 711 1459 751 unde
1479 719 1521 751 et
1542 710 1652 751 testi-

262 784 445 825 monium
468 782 591 824 etiam
611 780 909 837 amplissimum
926 779 1161 836 accipimus,
1183 788 1201 807 a
1213 779 1255 819 in
1271 794 1445 820 numero
1460 778 1652 819 domesti-

263 867 419 903 corum,
442 852 629 907 adeoque
650 849 853 891 Filiorum
874 848 956 889 Dei
980 863 1054 889 nos
1078 848 1166 903 jam
1187 863 1296 896 esse;
1329 847 1413 888 imo
1432 847 1475 888 in
1498 846 1652 888 Christi

265 921 447 978 bcorpus
466 919 584 976 quasi
613 917 810 973 cooptari,
832 926 958 972 atque
988 915 1124 965 inseri,
1146 916 1319 972 ejusque
1346 915 1531 956 membra
1549 914 1652 964 fieri,

266 998 307 1030 et
327 988 369 1029 in
392 1002 520 1029 unum
543 1001 638 1028 cum
658 985 747 1041 ipso
767 999 916 1040 corpus
936 983 1171 1024 coalescere.

325 1058 388 1098 M.
424 1057 735 1097 Sacramentum
767 1062 889 1093 antea
919 1050 1083 1091 dicebas
1115 1050 1279 1091 duabus
1311 1058 1497 1090 constare
1530 1048 1656 1104 parti-

267 1125 360 1175 bus,
384 1123 500 1180 signo
521 1132 704 1172 externo,
727 1130 768 1162 et
788 1134 936 1161 arcana
956 1118 1099 1175 gratia.
1152 1117 1275 1168 Quod
1296 1126 1357 1158 est
1377 1116 1419 1157 in
1440 1116 1656 1172 Baptismo

269 1192 434 1248 signum
455 1200 672 1232 externum
687 1191 703 1229 ?

327 1262 383 1301 A.
415 1268 432 1289 c
449 1261 592 1315 Aqua,
614 1257 656 1298 in
677 1272 803 1313 quam
833 1254 1068 1311 baptizatus
1097 1253 1330 1310 intingitur,
1352 1252 1417 1293 vel
1447 1268 1494 1293 ea
1523 1267 1659 1308 asper-

268 1329 382 1386 gitur
403 1342 454 1368 IN
476 1339 658 1368 NOMINE
681 1338 857 1375 PATRIS,
881 1337 938 1363 ET
962 1337 1092 1372 FILII,
1113 1335 1170 1362 ΕΤ
1194 1335 1392 1361 SPIRITUS
1417 1334 1593 1361 SANCTI.

330 1398 393 1438 M.
426 1396 531 1445 Quae
552 1402 613 1434 est
632 1406 780 1433 arcana
799 1399 840 1431 et
861 1389 1084 1446 spiritualis
1103 1388 1266 1444 gratia?

330 1467 387 1506 A.
426 1465 492 1505 Ea
521 1461 678 1518 duplex
708 1469 793 1508 θεῖς
837 1458 1020 1499 remissio
1053 1457 1276 1498 dvidelicet
1306 1465 1583 1513 peccatorum,
1619 1462 1661 1495 et

274 1531 542 1591 regeneratio,
564 1545 660 1586 quae
690 1539 867 1584 utraque
896 1526 938 1567 in
970 1535 1140 1567 externo
1169 1524 1239 1565 illo
1270 1523 1400 1580 signo,
1423 1522 1593 1564 solidam
1621 1531 1662 1563 et

273 1615 509 1659 expressam
529 1598 704 1654 effigiem
727 1610 842 1637 suam
863 1603 1014 1636 tenent.

332 1671 397 1710 M.
432 1665 683 1718 Quomodo?

332 1739 388 1779 A.
434 1736 638 1784 Primum,
675 1730 1028 1789 quemadmodum
1065 1728 1204 1770 sordes
1237 1726 1418 1783 corporis
1453 1742 1576 1782 aqua,
1608 1724 1665 1767 ita

276 1807 424 1848 animae
457 1802 661 1845 emaculae
702 1816 776 1857 per
815 1799 1094 1840 remissionem
1133 1804 1396 1853 peccatorum
1437 1794 1662 1841 eluuntur;

277 1874 450 1916 fdeinde
479 1868 798 1928 regenerationis
827 1867 1006 1917 initium,
1028 1866 1071 1906 id
1100 1874 1161 1906 est
1188 1873 1348 1904 naturae
1378 1871 1528 1903 nostrae
1560 1877 1666 1903 mor-

278 1941 459 1991 tificatio,
482 1939 547 1980 vel
576 1937 835 1979 immersione
862 1935 905 1975 in
935 1949 1101 1991 aquam,
1124 1932 1188 1973 vel
1218 1932 1307 1988 ejus
1336 1929 1567 1986 aspersione
1597 1945 1668 1970 ex-

279 2009 482 2068 primitur.
544 2009 759 2048 Postremo
791 2019 903 2054 vero,
937 2017 1069 2059 quum
1099 2001 1152 2042 ab
1186 2015 1308 2056 aqua,
1343 2014 1470 2055 quam
1499 1998 1551 2039 ad
1583 2013 1668 2038 mo-

279 2088 464 2120 mentum
508 2074 709 2123 subimus,
741 2071 878 2114 statim
914 2069 1175 2126 emergimus,
1209 2083 1316 2108 nova
1350 2067 1449 2116 vita,
1481 2082 1576 2122 quae
1607 2074 1669 2106 est

279 2142 599 2204 regenerationis
640 2150 791 2183 nostrae
823 2155 918 2197 pars
953 2138 1094 2188 altera,
1125 2147 1250 2193 atque
1280 2134 1372 2176 finis
1406 2144 1671 2191 repraesenta-

281 2225 361 2256 tur.

339 2284 402 2324 M.
437 2280 599 2322 Videris
619 2293 771 2334 aquam
792 2275 966 2332 effigiem
999 2282 1160 2314 tantum
1188 2271 1397 2328 quandam
1431 2284 1568 2311 rerum
1597 2268 1672 2309 Di-

282 2351 469 2392 vinarum
492 2348 661 2390 efficere.
890 2337 900 2343 ”

326 2465 339 2478 ¹
357 2458 439 2488 Mat.
456 2456 542 2487 xxvi.
561 2454 609 2486 26.
632 2453 744 2484 xxviii.
763 2462 810 2492 ¹9·
833 2453 928 2480 Joan.
945 2449 989 2479 iii.
1006 2457 1035 2488 5.
1061 2448 1102 2477 vi.
1118 2456 1171 2487 35.
1195 2447 1263 2477 Tit.
1279 2447 1325 2476 iii.
1342 2455 1372 2484 5.
1524 2451 1537 2469 ,v
1555 2443 1672 2483 Ephes.

284 2511 318 2541 ii.
333 2521 362 2549 3.
459 2517 470 2530 ²
488 2510 570 2540 Mat.
584 2507 695 2538 xxviii.
711 2516 759 2546 19.
785 2505 868 2535 Mar.
887 2503 951 2533 xvi.
969 2502 1017 2533 16.
1040 2505 1135 2532 Joan.
1153 2502 1199 2531 ἱίἱ.
1217 2511 1247 2540 5.
1271 2501 1339 2531 Tit.
1356 2500 1402 2529 iii.
1421 2509 1451 2538 5.
1549 2504 1562 2516 ¹³
1580 2498 1674 2526 Rom.

286 2564 420 2603 viii.15,
444 2564 492 2600 16,
514 2570 560 2602 17.
593 2562 709 2601 Ephes.
727 2560 761 2589 ii.
780 2568 828 2599 ¹9·
1025 2556 1040 2576 ¹³
1060 2566 1071 2585 ι
1089 2557 1163 2586 Cor.
1180 2555 1221 2584 vi.
1241 2561 1289 2594 15.
1312 2553 1368 2583 xii.
1386 2559 1437 2592 27.
1470 2552 1541 2582 Gal.
1558 2550 1601 2580 iii.
1622 2556 1672 2588 27.

289 2618 404 2657 Ephes.
422 2617 463 2647 iv.
480 2625 529 2656 15,
552 2616 600 2647 16.
624 2626 652 2644 v.
667 2624 720 2653 30.
809 2619 821 2632 ’ν’
839 2612 920 2642 Mat.
937 2611 982 2641 iii.
1001 2611 1050 2641 16.
1074 2609 1185 2639 xxviii.
1206 2618 1255 2649 19.
1286 2609 1382 2637 Joan.
1401 2606 1447 2636 iii.
1466 2613 1499 2644 5,
1516 2613 1566 2642 23.
1602 2603 1675 2632 Act.

289 2672 355 2701 viii.
372 2670 427 2709 36,
444 2670 497 2708 38.
599 2669 613 2689 ‘¹
633 2669 733 2699 Marc.
751 2667 771 2696 i.
789 2675 818 2703 4.
840 2667 936 2695 Joan.
953 2664 998 2694 iii.
1017 2672 1047 2703 5.
1072 2661 1142 2691 Aet.
1159 2660 1192 2690 ii.
1208 2660 1260 2698 38.
1284 2659 1351 2689 Tit.
1369 2658 1415 2688 iii.
1433 2664 1462 2696 5.
1572 2662 1583 2674 Ε
1602 2657 1675 2684 Act.

290 2724 368 2755 xxii.
388 2731 435 2762 17.
461 2725 576 2762 Ephes.
594 2735 622 2754 v.
640 2722 689 2753 26.
712 2722 780 2752 Tit.
797 2720 842 2750 iii.
857 2728 889 2759 5,
903 2719 932 2749 6.
1062 2716 1181 2745 sdean.
1198 2714 1244 2743 iii.
1262 2720 1292 2752 5.
1318 2713 1412 2743 Rom.
1428 2710 1470 2739 vi.
1486 2718 1519 2748 3,
1538 2719 1569 2748 5,
1588 2708 1621 2745 (ι,
1644 2714 1673 2747 7,

291 2781 351 2810 ἃς.
375 2777 442 2809 Tit.
460 2777 504 2807 iii.
523 2786 551 2815 5.
