1799 3077
301 146 356 185 50
745 146 1248 186 PROTESTATIO

301 275 324 298 a
348 258 465 298 nobis
492 258 789 299 declarabitur:
826 259 899 299 Vel
931 274 1015 299 rem
1048 260 1178 314 ipsam
1209 273 1461 314 corpoream,
1485 258 1620 298 vivam
1652 267 1691 298 et

301 326 538 376 animatam,
561 341 655 381 quae
677 335 888 382 assumpta
915 335 976 367 est
1002 328 1044 366 'm
1076 326 1276 367 unitatem
1308 340 1493 382 personae
1524 341 1548 366 a
1567 325 1694 367 verbo

303 394 408 435 Dei:
443 393 671 435 secundum
703 409 827 449 quam
860 394 1198 450 significationem
1229 409 1379 450 corpus
1410 393 1580 443 Christi,
1600 408 1695 434 cum

303 463 415 503 sitin
438 462 550 503 coelis
580 462 741 503 realiter
768 471 938 518 propter
959 477 1105 503 verum
1135 462 1317 518 corporis
1349 462 1534 512 modum,
1559 461 1622 502 hic
1652 461 1695 502 in

304 531 421 572 terris
440 546 525 572 esse
546 530 767 571 dicendum
791 544 873 571 non
895 540 966 571 cst.

363 601 495 640 Porro
515 599 556 639 in
577 598 712 639 verbis
735 598 832 651 (sub
861 599 1073 655 speciebus
1100 598 1217 655 panis
1248 607 1288 638 et
1310 598 1430 653 vini),
1450 598 1695 655 ambiguum

305 677 379 718 est,
402 675 543 708 utrum
575 666 727 723 species
756 666 814 706 ibi
845 666 1073 722 significare
1104 665 1395 722 intelliguntur
1427 666 1580 707 formas
1610 676 1698 707 tan-

307 746 395 776 tum
416 734 686 776 accidentales
706 744 747 775 et
767 735 988 776 exteriores
1007 736 1125 791 panis
1145 745 1186 776 et
1202 734 1300 786 vini,
1322 750 1375 776 an
1390 743 1558 776 naturas
1573 734 1697 776 etiam

306 803 545 844 eorumdem
564 803 853 844 substantiales
869 804 952 845 suis
969 804 1239 859 qualitatibus
1255 803 1447 853 visibiles,
1466 812 1505 844 et
1521 803 1700 845 externis

307 871 492 912 sensibus
511 871 812 927 perceptibiles.

367 939 542 980 Falsitas
561 949 700 980 autem
722 939 1012 996 propositionis
1032 940 1073 980 in
1103 955 1223 981 sensu
1255 940 1529 981 Romanensis
1559 938 1699 980 Eccle-

309 1009 378 1049 siae
399 1016 439 1048 et
459 1007 795 1049 scholasticorum
817 1008 912 1049 hinc
933 1016 1073 1064 patere
1095 1016 1241 1064 potest.
1306 1007 1374 1048 Illi
1403 1008 1511 1048 enim
1538 1016 1700 1064 ponunt

309 1091 458 1132 panem
480 1076 858 1117 transsubstantiari
878 1076 921 1117 in
942 1091 1105 1117 carnem
1127 1087 1379 1133 assumptam
1405 1092 1430 1117 a
1448 1076 1574 1117 verbo
1604 1075 1699 1125 Dei,

312 1146 438 1202 idque
460 1147 528 1200 (ut
557 1146 693 1200 aiunt)
715 1161 790 1202 per
813 1146 1008 1187 virtutem
1029 1146 1158 1196 verbi,
1181 1145 1295 1202 quod
1321 1144 1378 1186 illi
1407 1145 1612 1201 conceptis
1631 1160 1702 1186 vo-

311 1214 428 1256 cibus
463 1215 761 1265 formaverunt,
794 1215 910 1270 quod
944 1214 1115 1270 quidem
1149 1214 1191 1254 in
1227 1213 1342 1255 nullo
1377 1213 1545 1270 reperiri
1575 1213 1702 1269 possit

313 1284 690 1340 Evangelistarum,
714 1299 786 1324 nec
807 1284 850 1324 in
873 1283 1029 1324 Paulo:
1063 1291 1189 1339 atque
1216 1282 1312 1324 inde
1331 1282 1533 1338 colligunt
1552 1296 1702 1338 corpus

313 1353 468 1394 Christi
493 1353 656 1394 realiter
682 1352 882 1394 contineri
909 1352 952 1392 in
984 1362 1236 1393 sacramento
1267 1351 1427 1392 altaris:
1471 1366 1566 1406 quae
1596 1350 1703 1407 posi-

313 1422 370 1462 tio
390 1421 536 1462 nititur
556 1431 597 1462 et
617 1421 821 1462 fundatur
845 1436 969 1477 super
996 1420 1315 1462 fundamentum
1344 1419 1704 1460 transsubstantia-

314 1489 447 1539 tionis,
477 1489 589 1545 quod
625 1498 685 1530 est
718 1489 1040 1530 fundamentum
1074 1497 1365 1538 monstrosum,
1400 1485 1631 1528 absurdum
1665 1495 1706 1527 et

312 1557 512 1614 analogiae
547 1566 894 1598 sacramentorum
932 1556 1282 1613 interemptivum.
1346 1555 1509 1596 Idcirco
1544 1565 1584 1596 et
1619 1555 1707 1596 haec

313 1626 555 1683 propositio,
587 1641 682 1681 quae
714 1640 839 1681 super
865 1626 943 1666 hoc
973 1634 1097 1682 putre
1128 1624 1448 1666 fundamentum
1479 1631 1711 1680 superstru-

315 1696 413 1744 itur,
435 1694 537 1735 falsa
557 1703 616 1734 est
638 1703 679 1734 et
706 1709 890 1742 erronea,
912 1710 958 1735 ac
986 1694 1130 1735 infami
1152 1693 1561 1735 sacramentariorum
1583 1692 1708 1733 errori

317 1762 468 1803 merito·
483 1762 736 1817 deputanda.

529 1889 848 1916 RESPONSIONIS
881 1891 971 1917 JAM
1008 1890 1132 1917 DATAE
1167 1890 1495 1916 CONFIRMATIO.

376 1970 472 2010 Non
493 1976 553 2009 est
583 1968 850 2008 statuendum
879 1968 1032 2024 dogma
1062 1969 1231 2024 aliquod
1262 1969 1303 2009 in
1336 1968 1516 2010 Ecclesia
1538 1968 1708 2017 Christi,

319 2038 431 2094 quod
453 2022 645 2077 dissentit⁸
660 2052 684 2077 a
704 2037 830 2077 verbo
852 2037 947 2087 Dei,
969 2046 1009 2078 et
1026 2037 1216 2093 analogia
1231 2037 1342 2086 fidei,
1358 2037 1557 2093 quodque
1573 2052 1709 2078 secum

321 2105 545 2147 necessario
566 2104 692 2146 trahit
713 2104 864 2146 multas
880 2105 1181 2153 absurditates,
1217 2105 1286 2146 sed
1303 2105 1456 2161 dogma
1473 2105 1550 2146 hoc
1566 2105 1710 2161 primae

320 2173 610 2231 propositionis
631 2172 710 2214 tale
731 2183 818 2219 est;
852 2189 950 2229 ergo
971 2189 1053 2214 non
1074 2184 1135 2214 est
1160 2173 1426 2215 statuendum
1454 2173 1496 2213 in
1526 2172 1710 2214 Ecclesia

323 2242 415 2283 Dei.
468 2242 609 2298 Major
629 2250 758 2298 patet,
780 2251 820 2283 et
841 2242 974 2283 minor
994 2243 1195 2299 probatur
1219 2242 1296 2283 sic:
1332 2243 1425 2282 Hoc
1456 2241 1608 2297 dogma
1638 2256 1710 2297 po-

324 2312 384 2352 nit
409 2311 574 2361 realem,
596 2310 864 2366 corporalem,
886 2319 927 2351 et
957 2311 1160 2352 carnalem
1191 2312 1324 2352 carnis
1356 2309 1510 2351 Christi
1540 2325 1565 2350 a
1584 2308 1710 2349 verbo

322 2388 544 2435 assumptae
573 2378 614 2419 in
646 2388 899 2420 sacramento
922 2380 1063 2420 Coenae
1095 2379 1325 2420 Dominicae
1355 2372 1711 2434 p1·aesentiam,id-

323 2463 404 2503 que
427 2462 507 2487 non
528 2463 601 2503 per
623 2446 819 2488 virtutem
840 2456 881 2488 et
900 2447 1076 2503 gratiam
1104 2455 1282 2497 tantum,
1305 2446 1375 2487 scd
1406 2460 1479 2502 per
1509 2445 1709 2500 integram

323 2514 537 2555 essentiam
558 2524 598 2555 ct
620 2515 891 2556 substantiam
912 2515 1093 2571 corporis
1113 2523 1154 2556 et
1180 2514 1313 2556 carnis
1334 2514 1513 2560 Christi;
1552 2512 1622 2553 sed
1654 2521 1712 2553 ta-

325 2582 373 2622 lis
393 2583 611 2637 praescntia
630 2583 817 2624 dissentit
837 2599 861 2625 a
880 2583 1007 2624 verbo
1028 2583 1123 2633 Dei,
1145 2584 1198 2624 ab
1219 2582 1407 2638 analogia
1425 2581 1535 2630 fidei,
1553 2589 1593 2621 et
1609 2580 1714 2621 mul-

325 2659 386 2690 tas
406 2649 681 2691 absurditates
708 2666 844 2707 secum
874 2652 1099 2693 necessario
1130 2651 1279 2698 trahit;
1313 2665 1424 2706 ergo,
1449 2651 1518 2690 &cn
1572 2648 1712 2704 Major

325 2726 386 2757 est
407 2716 634 2767 manifesta,
658 2727 698 2758 et
719 2719 851 2759 minor
872 2719 1009 2760 adhuc
1030 2719 1254 2775 probatur:
1290 2717 1447 2767 Primo,
1470 2715 1587 2757 Talis
1609 2731 1714 2772 prae-

326 2783 455 2824 sentia
475 2784 675 2825 contraria
697 2795 757 2826 ost
778 2785 875 2827 locis
895 2786 1054 2841 aliquot
1076 2801 1199 2827 sacrae
1222 2785 1457 2841 Scripturae.
1507 2782 1712 2833 Secundo,
