1799 3077
495 128 724 168 JUELLI
757 128 1093 171 APOLOGIA.
1403 138 1480 178 181

70 230 72 232 .
101 239 224 296 pibus
270 239 527 289 Christianis,
573 248 614 280 et
648 240 924 296 prudentibus
961 257 1043 283 non
1085 242 1313 285 ferendum.
1374 247 1485 295 Quid

101 307 241 348 enim?
273 308 346 347 An
375 306 580 363 Caiaphas
609 316 650 348 et
679 309 827 349 Annas
858 309 936 351 ista
954 309 1094 350 videre
1123 319 1309 365 possunt,
1332 312 1484 365 David,

100 384 141 416 et
162 374 364 415 Ezechias
390 389 472 415 non
503 378 706 430 possunt?
739 377 798 417 Et
818 392 869 417 an
893 377 1116 428 Cardinali,
1138 377 1293 418 homini
1323 380 1487 422 militari

100 451 142 484 et
173 442 414 498 sanguinem
445 443 629 499 spiranti,
651 444 693 484 in
716 445 901 486 Concilio
929 445 1068 486 sedere
1094 445 1202 496 licet,
1226 447 1486 503 Imperatori,

99 520 172 552 aut
203 509 312 565 Regi
344 510 580 552 Christiano
617 527 700 552 non
735 511 858 553 licet?
907 514 1017 554 Nam
1056 529 1131 554 nos
1166 513 1350 569 quidem,
1386 515 1487 556 nihil

99 578 247 620 nostris
279 578 598 634 Magistratibus
625 579 846 621 tribuimus
876 580 1003 631 aliud,
1037 596 1163 637 quam
1194 583 1308 637 quod
1338 582 1416 623 illis
1446 592 1486 625 et

99 662 149 687 ex
182 646 307 687 verbo
335 646 416 686 Dei
446 647 650 688 tributum
682 648 844 698 scimus,
868 658 908 689 et
939 648 1190 704 optimarum
1223 651 1484 706 Rerumpub.

99 714 289 770 exemplo
319 715 645 770 comprobatum.
707 717 992 771 Praeterquam
1023 716 1131 757 enim
1162 717 1276 772 quod
1304 718 1487 775 Principi

101 782 236 823 Fideli
256 798 280 822 a
301 783 393 822 Deo
422 782 618 822 mandata
649 791 710 823 est
741 799 840 824 cura
866 783 1083 839 utriusque
1113 784 1281 835 tabulae,
1304 794 1350 826 ut
1371 786 1489 827 intel-

98 850 213 905 ligat,
235 850 288 890 ad
318 849 495 889 officium
519 865 638 890 suum
665 865 746 891 non
768 851 928 891 civilem
949 861 1112 892 tantum
1139 867 1240 902 rem,
1264 853 1334 893 sed
1364 854 1487 895 etiam

100 932 254 958 sacram
275 926 315 958 et
337 916 664 958 Ecclesiasticam
685 917 913 973 pertinere3
937 927 1215 974 praeterquam
1235 920 1349 974 quod
1369 921 1487 962 Deus

100 1001 208 1042 saepe
249 987 424 1041 Regem,
456 1000 502 1026 ac
538 985 688 1026 diserte
714 986 837 1041 jubet
867 986 981 1027 lucos
1014 986 1235 1036 succidere,
1270 988 1483 1029 Idolorum

99 1061 255 1093 statuas
274 1062 316 1093 et
335 1067 424 1092 aras
452 1060 647 1101 evertere,
669 1052 821 1093 librum
844 1052 971 1108 Legis
997 1052 1072 1093 sibi
1092 1052 1334 1104 describere,
1356 1055 1488 1110 quod-

99 1134 181 1174 que
201 1119 317 1159 illum
347 1118 492 1160 Esaias
521 1118 578 1159 ait
599 1118 795 1160 Ecclesiae
823 1129 1060 1175 patronum,
1084 1128 1125 1160 et
1154 1120 1374 1161 nutritium
1401 1137 1487 1162 esse

99 1196 310 1242 oportere:
343 1189 516 1237 Praeter,
538 1186 722 1242 inquam,
743 1187 832 1229 haec
861 1187 1012 1237 omnia,
1041 1203 1093 1227 ex
1122 1186 1315 1238 historiis,
1345 1197 1384 1229 et
1415 1204 1486 1245 op-

99 1254 293 1295 timorum
321 1264 555 1310 temporum
585 1255 785 1311 exemplis
815 1255 1017 1305 videmus,
1039 1255 1129 1311 pios
1151 1255 1362 1311 Principes
1393 1272 1486 1312 pro-

99 1322 353 1363 curationem
387 1322 667 1364 Ecclesiarum
706 1324 759 1365 ab
799 1323 931 1364 officio
963 1339 1037 1364 suo
1071 1338 1285 1378 nunquam
1320 1333 1485 1379 putasse

100 1389 289 1431 alienam.

157 1458 312 1508 Moses,
335 1457 462 1499 civilis
487 1458 776 1514 Magistratus,
798 1473 845 1498 ac
865 1457 1013 1498 ductor
1036 1457 1194 1513 populi,
1216 1472 1378 1498 omnem
1401 1459 1484 1499 Re-
1498 1471 1590 1502 Exod.
1603 1473 1653 1503 xii.

100 1523 261 1580 ligionis
291 1535 332 1566 et
362 1541 569 1567 sacrorum
602 1525 815 1575 rationem,
837 1533 878 1565 et
907 1525 1062 1581 accepit
1094 1540 1119 1565 a
1151 1526 1257 1575 Deo,
1288 1533 1329 1566 et
1353 1540 1484 1581 popu-

99 1590 140 1631 lo
171 1592 353 1642 tradidit,
375 1603 416 1634 et
436 1596 646 1634 Aaronem
677 1592 933 1648 Episcopum
963 1592 1015 1633 de
1044 1607 1169 1633 aureo
1194 1592 1339 1641 vitulo,
1361 1601 1402 1633 et
1431 1593 1484 1634 de

99 1658 250 1700 violata
270 1660 502 1716 Religione,
524 1661 787 1702 vehementer
806 1668 847 1701 et
867 1660 1048 1715 graviter
1068 1659 1292 1715 castigavit.
1335 1661 1365 1700 J
1368 1675 1481 1711 osue,
1495 1678 1581 1708 Josu.
1600 1678 1620 1707 i.

98 1726 174 1767 etsi
207 1742 289 1768 non
321 1728 434 1769 aliud
463 1738 564 1779 erat,
596 1744 721 1784 quam
755 1727 1030 1783 Magistratus
1056 1727 1198 1778 civilis,
1221 1737 1356 1768 tamen
1387 1743 1482 1769 cum

98 1794 278 1850 primum
298 1795 632 1852 inauguraretur,
649 1805 689 1837 et
708 1796 987 1852 praeficeretur
1006 1795 1178 1852 populo,
1195 1794 1351 1851 accepit
1371 1810 1484 1836 man-

98 1862 196 1903 data
215 1863 454 1904 nominatim
476 1864 527 1905 de
549 1864 781 1920 Religione,
800 1863 935 1918 deque
956 1863 1127 1904 colendo
1148 1864 1253 1904 Deo.

157 1930 296 1971 David
318 1933 426 1982 Rex,
444 1947 538 1973 cum
559 1932 691 1972 omnis
706 1931 793 1987 jam
814 1930 993 1986 Religio,
1010 1931 1062 1971 ab
1081 1930 1209 1986 impio
1226 1931 1343 1985 Rege
1361 1929 1482 1971 Saule
1496 1947 1524 1968 z.
1539 1940 1605 1969 Par.
1618 1939 1681 1969 xiii.

99 2013 267 2054 prorsus
296 2010 400 2041 esset
429 2000 638 2056 dissipata,
668 1999 835 2039 reduxit
865 2013 1000 2039 arcam
1034 1997 1129 2048 Dei,
1159 1998 1237 2038 hoc
1269 2006 1343 2047 est,
1369 1997 1483 2037 Reli-

98 2064 261 2120 gionem
292 2067 495 2115 restituit3
528 2083 603 2108 nec
630 2076 792 2107 tantum
822 2064 956 2105 adfuit
976 2073 1025 2105 ut
1044 2064 1276 2105 admonitor
1297 2071 1370 2103 aut
1389 2063 1483 2102 hor-

100 2141 207 2173 tator
231 2133 378 2188 operiS‚
401 2134 471 2175 sed
498 2134 619 2175 etiam
641 2133 827 2174 Psalmos
846 2140 886 2173 et
907 2133 1101 2188 Hymnos
1121 2130 1250 2180 dedit,
1272 2139 1313 2171 et
1333 2129 1480 2170 classes

98 2199 313 2255 disposuit,
335 2210 376 2242 et
393 2216 587 2257 pompam
614 2200 805 2250 instituit,
829 2209 869 2240 et
890 2198 1196 2256 quodammodo
1219 2196 1387 2253 praefuit
1410 2198 1481 2238 Sa-

100 2267 347 2308 cerdotibus.

159 2335 352 2376 solomon
392 2337 485 2376 Rex
525 2335 741 2376 aedificavit
774 2334 974 2390 templum
1014 2332 1209 2382 Domino,
1240 2332 1354 2387 quod
1389 2332 1479 2387 ejus
1493 2345 1602 2373 2.Par.
1617 2344 1656 2373 vi.

101 2402 226 2441 Pater
246 2402 387 2442 David
414 2402 551 2442 animo
574 2411 736 2442 tanturn
757 2401 1053 2446 destinaverat;
1087 2408 1127 2439 et
1156 2407 1363 2454 postremo
1393 2414 1480 2440 ora*

100 2468 252 2508 tionem
283 2469 489 2524 egregiam
514 2469 659 2509 habuit
681 2468 733 2509 ad
754 2467 955 2524 populum
976 2467 1027 2507 de
1048 2466 1279 2522 Religione,
1303 2475 1344 2507 et
1363 2466 1479 2508 cultu

100 2535 206 2583 Dei3
247 2544 288 2577 et
317 2536 596 2576 Abiatharum
627 2535 883 2591 Episcopum
918 2544 1060 2590 postea
1095 2533 1330 2584 summovit,
1362 2542 1403 2574 et
1437 2534 1478 2574 in
1491 2548 1612 2585 3.Reg.
1624 2547 1687 2575 viii.

101 2603 190 2658 ejus
210 2603 345 2644 locum
369 2603 573 2644 Sadocum
593 2603 834 2659 surrogavit.
896 2604 1088 2658 Cumque
1117 2611 1259 2658 postea
1279 2603 1478 2659 templum

102 2670 183 2710 Dei
202 2670 360 2711 foedum
390 2670 432 2710 in
462 2670 632 2711 modum
662 2679 766 2711 esset
795 2670 1063 2711 Sacerdotum
1082 2669 1183 2710 vitio
1202 2679 1243 2711 et
1272 2670 1480 2726 negligen-

102 2736 159 2778 tia
177 2738 513 2790 contaminatum,
535 2738 736 2780 Ezechias
762 2737 864 2778 illud
893 2739 985 2779 Rex
1008 2738 1131 2792 jussit
1151 2753 1175 2779 a
1195 2738 1412 2779 ruderibus
1439 2747 1684 2782 ct2.1¹a1-.xxix.

750 2820 779 2846 N
801 2807 827 2845 ὃ
